3120 4988
612 324 650 337 ..
672 291 712 352 55
732 323 770 336 ..

104 393 253 462 Sanctus
279 395 537 486 comnia'quae
560 397 714 486 perfecte
732 395 848 479 habet,
866 422 882 457 n
902 394 1064 483 aecipite
1080 393 1186 481 Filia
1206 417 1274 461 non

103 511 216 570 autem
238 502 357 571 Filius
379 503 558 569 secandum
582 502 803 570 divinitatem
819 508 998 592 spectatus
1015 503 1145 592 accipit
1162 523 1182 568 a
1199 502 1278 592 Spi-

101 610 174 678 ritu
200 609 342 680 Sancto.

163 715 232 784 Est
254 739 339 806 ergo
363 717 400 784 in
424 717 549 807 primis
564 741 711 808 prorsus
735 719 879 800 falsum,
899 716 990 807 quod
1015 717 1192 784 Macarius
1209 716 1276 801 eit,

100 823 162 892 hoo
188 825 333 893 verbum
365 828 517 914 accipere
552 827 749 895 fatentibus
782 825 970 892 catholicis
1005 824 1280 912 intelligendum

101 953 173 999 esse
207 939 273 1000 aut
307 933 466 1022 intelligi
502 935 663 1024 possein
689 957 753 1001 sua
790 933 926 1002 directa
950 933 1211 1020 significatione
1236 931 1279 998 de

102 1041 320 1128 processione
343 1042 387 1108 ad
412 1049 528 1110 extra.
553 1042 626 1109 Imo
651 1043 712 1110 nbi
736 1063 886 1131 persona
909 1064 1013 1108 unam
1038 1039 1281 1107 tantummode
1329 1070 1333 1077 ·

104 1145 233 1214 habens
256 1155 420 1216 naturam
444 1149 603 1218 divinam
627 1150 759 1218 dicitur
783 1150 920 1240 aliquid
942 1154 1094 1237 occipere
1112 1170 1174 1215 seu
1197 1147 1281 1211 rect-

102 1276 182 1342 pere
203 1256 248 1323 ab
271 1257 386 1325 altera
411 1281 558 1347 persona
582 1258 718 1342 divina,
741 1258 833 1326 illud
857 1259 989 1325 directe
1013 1280 1075 1325 nec
1100 1255 1283 1344 significat

105 1382 164 1430 nee
189 1371 304 1453 potest
319 1365 521 1453 significare
538 1367 648 1449 aliud,
668 1389 770 1457 quam
788 1366 1132 1434 communicationem
1150 1366 1193 1431 ab
1212 1379 1283 1431 una

106 1489 254 1556 persona
276 1470 315 1536 in
339 1472 502 1542 alteram.
527 1474 612 1542 Cum
630 1496 714 1542 vero
739 1479 882 1562 propter
898 1474 1010 1561 ipsam
1027 1472 1186 1540 divinam
1203 1472 1284 1537 sim·

106 1575 313 1662 plicitatem,
339 1579 512 1671 quidquid
536 1580 661 1649 divina
685 1603 833 1669 persona
848 1581 955 1648 habet
973 1582 1278 1662 communicatum,

49 1727 83 1741 -
105 1683 343 1754 identificatur
360 1711 437 1755 cum
455 1689 578 1756 divina
594 1690 759 1773 essentia;
780 1712 846 1756 non
864 1695 981 1779 potest
997 1689 1072 1757 ullo
1089 1689 1186 1755 modo
1204 1711 1283 1776 per·
1347 1761 1350 1768 ,
1383 1706 1387 1782 ]

106 1812 187 1859 sona
211 1793 336 1862 diviua
369 1794 528 1884 intelligi
553 1795 689 1886 aliquid
714 1796 870 1884 accipere
894 1798 938 1863 ab
969 1796 1104 1880 altera,
1131 1797 1217 1887 quin
1241 1817 1282 1863 eo

106 1899 181 1989 ipso
204 1901 346 1969 dicatur
376 1903 534 1990 accipere
570 1902 859 1970 communicatam
892 1903 1049 1971 divinam
1081 1900 1281 1988 essentiam,

108 2030 193 2099 quae
216 2009 374 2097 acceptio
390 2016 444 2076 est
467 2011 616 2099 ipsamet
631 2011 819 2099 processio.
838 2039 854 2075 u
868 2011 989 2102 Neque
1005 2012 1097 2078 enim
1114 2011 1186 2078 alia
1203 2013 1285 2079 sub-

110 2115 242 2183 stantia
279 2123 333 2185 est
367 2116 524 2207 Spiritus
561 2118 702 2217 Sancti,
724 2126 866 2208 'praeter
889 2118 925 2187 id
957 2119 1047 2208 quod
1071 2119 1180 2187 datur
1207 2119 1286 2186 eie

110 2221 215 2293 Filio,
236 2251 253 2286 n
998 2232 1003 2239 '

173 2337 283 2405 Porro
307 2334 344 2402 in
359 2335 432 2405 Deo
449 2336 617 2424 operatio,
630 2342 805 2427 quatenus
818 2337 1062 2410 consideratur
1076 2336 1283 2421 immanens,

103 2448 161 2510 'est
184 2443 335 2532 ipsamet
358 2443 482 2511 divina
504 2445 658 2513 essentia
682 2467 760 2512 cum
786 2444 1030 2511 connotatione
1065 2447 1214 2512 effeetus
1239 2444 1283 2510 ad

111 2556 221 2634 extra,
247 2551 310 2642 qui
333 2550 459 2640 incipit
482 2552 703 2640 intempore.
730 2552 881 2642 ideoque
897 2552 1015 2620 Filius
1031 2574 1052 2618 a
1068 2553 1186 2635 Patre,
1206 2551 1283 2639 Spi-

111 2657 201 2726 ritus
224 2679 246 2724 a
268 2656 376 2725 Patre
399 2671 435 2727 et
458 2659 552 2726 Filio
576 2661 709 2747 accipit
727 2661 914 2729 essentiam
932 2662 1039 2727 etiam
1056 2662 1122 2728 sub
1146 2658 1289 2727 formali

111 2766 246 2833 ratione
270 2765 494 2852 operationis,
514 2789 576 2834 seu
601 2767 758 2854 procedit
783 2790 861 2835 cum
885 2775 1048 2855 respectu
1064 2767 1107 2833 ad
1124 2768 1288 2833 effectum

112 2873 147 2941 in
169 2881 325 2962 tempore
348 2874 568 2943 existentem.
595 2875 695 2941 Unde
712 2876 850 2966 quando
864 2897 933 2941 una
949 2897 1097 2963 persona
1114 2876 1157 2941 ab
1174 2873 1288 2940 altera

111 2981 242 3049 dicitur
253 2981 410 3070 accipere
426 2984 625 3068 essentiam,
647 2987 762 3071 potest
781 2983 865 3050 haec
882 2982 1079 3070 significari
1096 2981 1204 3048 etiam
1223 2979 1287 3058 sub

113 3088 250 3156 formali
273 3091 411 3158 ratione
435 3092 650 3179 operationis
675 3091 961 3174 communicatae,
982 3111 1022 3156 ao
1048 3095 1232 3178 propterea
1249 3086 1286 3152 in

113 3197 251 3289 obliquo
287 3206 404 3287 potest
428 3197 549 3264 haberi
573 3208 609 3264 et
633 3198 669 3263 in
693 3197 792 3280 loco,
819 3198 860 3264 de
884 3220 952 3287 quo
977 3199 1137 3285 agimus,
1164 3215 1288 3264 revere

34 3333 39 3345 ⁴
114 3303 260 3372 habetur
283 3311 463 3393 respectus
488 3305 532 3373 ad
557 3306 720 3371 effectum
745 3305 781 3370 in
807 3312 972 3393 tempore.

175 3413 252 3481 Hoc
275 3415 388 3480 sulum
406 3421 471 3497 est,
491 3415 581 3502 quod
606 3421 680 3481 tum
695 3413 757 3480 alii
772 3413 940 3480 catholici
958 3435 1075 3480 omnes
1092 3412 1288 3479 concedunt

71 3552 73 3557 v
116 3542 151 3590 ae
167 3521 295 3613 docent
310 3526 387 3589 tum
411 3522 455 3590 ol.
474 3523 515 3589 P.
536 3523 685 3589 Perrone
702 3521 818 3608 (Trin.
838 3543 868 3588 o.
887 3523 919 3589 ὅ.
941 3521 1081 3609 Propos.
1101 3519 1132 3585 I.
1151 3543 1186 3586 n.
1206 3517 1286 3585 338.

115 3629 189 3698 839.
208 3628 302 3714 353),
321 3630 366 3697 ad
383 3652 483 3720 quem
499 3628 676 3696 Macarius
690 3628 857 3716 appellat;
876 3650 974 3694 nemo
991 3634 1108 3694 autem
1125 3648 1289 3715 umquam
1317 3625 1321 3632 ’

113 3737 214 3821 dixit,
241 3736 333 3827 quod
357 3737 433 3825 ipse
456 3737 521 3820 ait,
540 3738 694 3823 accipere
717 3758 739 3800 α
763 3734 873 3815 Filio,
892 3736 1023 3802 directe
1040 3742 1076 3801 et
1092 3733 1289 3802 formaliter

112 3844 531 3937 signiticaremiecioncm
554 3868 576 3909 u
600 3843 709 3910 Filio.
736 3842 814 3923 Quo
831 3841 955 3909 deinde
973 3843 1051 3909 iure
1067 3841 1141 3929 ipse
1158 3841 1288 3929 glorie·

114 3954 190 4036 tur,
210 3973 248 4018 se
263 3950 520 4018 demonstrasse
544 3949 742 4017 missionem
767 3972 934 4038 personae
958 3949 1101 4016 divinae
1126 3948 1289 4040 indepen·
1380 4009 1383 4012 .

114 4057 249 4127 dentem
272 4081 294 4125 a
316 4060 547 4148 processione,
574 4057 738 4145 superius
763 4057 1058 4123 examinavimus.

177 4165 357 4233 Postremo
380 4187 422 4232 ex
447 4166 493 4233 iis
509 4187 596 4257 quae
620 4163 848 4230 adversarius
866 4163 954 4230 dicit
970 4165 1011 4230 de
1029 4161 1197 4253 temporis
1214 4161 1291 4229 sive

117 4275 301 4363 praeteriti
317 4275 393 4343 sive
418 4275 535 4344 futuri
559 4272 817 4363 comparatione
842 4295 920 4339 cum
937 4272 1163 4355 aeternitate,
1183 4265 1293 4336 mani'·

119 4381 246 4454 festum
261 4382 316 4469 fit,
334 4381 449 4474 ipsum
472 4382 621 4452 destitui
644 4379 738 4450 omni
755 4379 909 4470 genuina
925 4380 1066 4451 notione
1081 4379 1148 4465 rei,
1166 4378 1207 4446 de
1224 4396 1293 4466 qua
