3120 4988
665 302 703 316 -
723 270 785 338 tas
809 308 847 324 -

176 375 302 445 tionem
324 378 367 446 ad
388 378 559 467 Spiritum
577 381 766 472 Sanctum
793 385 852 453 sed
869 385 1007 453 omnino
1031 406 1100 452 non
1117 383 1214 452 aliud
1231 387 1345 476 expri-

176 486 283 553 mitur
305 509 406 577 quam
425 489 480 556 vel
498 482 772 580 aequipollenter
789 498 824 560 et
841 493 992 561 identice
1009 492 1074 578 (1),
1095 491 1152 561 vel
1169 495 1346 583 (quoniam

175 595 318 682 Langen
342 595 377 662 id
403 597 575 683 concedit)
600 600 797 668 formaliter
822 600 973 668 essentia
991 600 1134 687 divina3
1160 623 1281 669 verum
1306 625 1346 671 ea

176 702 399 790 significatur
418 703 482 770 sub
499 704 631 791 duplici
650 707 747 774 modo
764 707 980 774 subsistendi
1006 710 1061 793 (ut
1076 707 1180 796 paulo
1197 714 1277 776 ants
1294 709 1346 777 di-

176 811 316 897 ximus),
336 833 456 900 nempe
473 821 648 902 quatenus
664 821 718 882 est
732 815 850 882 Petris
866 817 997 901 (ommia
1012 839 1100 905 pace
1113 815 1211 881 tata
1224 818 1349 904 Pater)

177 926 210 986 et
233 924 406 1010 quatenus
430 927 483 988 est
506 921 593 988 Filii
617 928 757 1010 (meant,
784 948 856 989 meo
880 927 988 1010 sant).
1021 923 1129 991 Porro
1152 924 1278 991 relatio
1303 926 1346 993 ad

178 1028 322 1096 tertiam
338 1051 519 1118 personam
536 1033 748 1120 exprimitur
765 1055 826 1122 per
838 1032 1079 1122 praedicatum
1091 1031 1271 1100 additum:
1289 1033 1350 1102 ille

179 1135 217 1204 de
247 1160 320 1205 meo
347 1141 506 1227 accipiet.
543 1140 618 1208 Hoc
643 1143 795 1229 accipere
825 1140 862 1208 in
886 1161 1035 1230 persona
1058 1139 1180 1208 divina
1211 1140 1350 1230 Spiritu

180 1247 308 1313 Sancto
324 1247 505 1314 evidenter
521 1247 701 1336 significat
723 1249 924 1315 relationem
933 1273 947 1329 ,0
970 1246 1187 1338 nequeenim
1204 1270 1351 1337 persona

179 1352 302 1422 divina
325 1354 443 1439 (cuiue
459 1362 515 1422 est
535 1378 605 1421 una
622 1363 761 1423 tantum
784 1362 915 1423 natura
932 1355 1068 1441 divina)
1093 1355 1280 1446 quidquam
1298 1380 1351 1422 ac·

178 1462 292 1549 ripere
316 1466 431 1549 potest
456 1464 498 1529 ab
522 1462 593 1531 alia
616 1486 764 1553 persona
790 1463 861 1532 nisi
884 1461 1175 1531 communicatum
1199 1485 1259 1552 per
1283 1463 1350 1531 ori-

176 1568 296 1658 ginem
320 1572 363 1636 ab
386 1569 451 1639 hac
475 1570 547 1638 alia
571 1593 731 1661 persona.
764 1570 851 1655 Sed,
878 1571 971 1638 dicet
993 1570 1158 1659 Langen,
1184 1571 1258 1640 alia
1281 1571 1352 1638 ista

172 1699 327 1767 persona
350 1677 414 1744 hoc
438 1677 514 1746 loco
537 1679 677 1747 minime
701 1680 924 1769 exprimitur.
951 1677 1024 1745 Imo
1043 1701 1125 1746 vero
1150 1678 1236 1768 quia
1252 1678 1351 1748 Chri-

172 1797 257 1855 stus
282 1808 351 1852 non
375 1785 486 1853 solum
511 1784 624 1870 dixit,
655 1810 763 1852 meam
786 1786 843 1857 vel
868 1810 940 1852 mec
964 1788 1129 1874 accipiet,
1160 1786 1220 1854 sed
1243 1786 1353 1853 multo

172 1894 330 1977 clarius,
349 1891 397 1958 'de
421 1917 489 1959 meo
515 1897 683 1989 accipiet,
699 1894 911 1984 exprimitur
933 1898 1008 1962 tum
1032 1893 1204 1962 terminus
1228 1892 1352 1962 distin-

172 2012 258 2074 ctus
285 2026 305 2070 a
329 2001 468 2092 Spiritu
493 2000 643 2089 Sancto,
678 2001 768 2069 rende
791 2003 959 2090 accipiet,
991 2002 1157 2069 nimirum
1182 2022 1351 2091 persone3

172 2121 254 2184 turn
282 2113 318 2181 id
342 2112 432 2203 quod
456 2112 597 2200 accipit,
623 2135 730 2179 unum
749 2112 784 2179 in
803 2133 949 2200 persona
966 2109 1240 2180 communicante
1261 2111 1353 2179 etin

172 2224 392 2312 accipiente,
419 2221 571 2290 essentia
595 2222 748 2313 inquam.
777 2219 878 2288 Sicut
901 2219 1019 2287 Filius
1043 2226 1237 2308 generatur
1262 2219 1349 2289 acci·

172 2331 309 2422 piendc
336 2330 377 2397 dc
401 2329 553 2396 essentia
576 2329 694 2395 Patris
718 2329 769 2416 (ἐκ
795 2353 856 2404 της
884 2329 996 2403 ὀυσιας
1022 2351 1082 2394 του
1108 2331 1271 2418 campos),
1302 2328 1354 2395 ita

173 2439 346 2531 Spiritus
371 2437 500 2525 accipit
523 2433 564 2503 de
588 2438 732 2502 essentia
748 2436 842 2504 Filii
861 2436 911 2523 (ἐκ
929 2460 989 2503 του
1008 2437 1123 2526 ipoo);
1149 2459 1216 2503 non
1234 2437 1355 2527 utique

172 2553 223 2620 de
250 2548 363 2616 solius
393 2547 481 2615 Filii
505 2546 678 2628 essentia,
713 2546 771 2613 sed
795 2545 837 2612 de
860 2545 1014 2612 essentia
1043 2543 1164 2613 Patris
1187 2551 1223 2613 et
1244 2545 1354 2614 Filii:

179 2688 198 2724 a
215 2657 336 2726 omnia
353 2677 588 2746 quaecumque
605 2654 712 2722 habet
726 2655 843 2737 Pater,
863 2674 937 2721 mea
949 2658 1051 2738 sunt;
1067 2668 1251 2742 propterea
1266 2655 1353 2739 dixi,

173 2766 269 2860 quia
294 2766 336 2834 de
361 2787 434 2832 meo
450 2764 600 2853 accipiet
614 2789 645 2831 o.
672 2764 715 2830 In
733 2763 798 2831 hoc
816 2769 932 2830 antem
950 2761 1025 2850 ipso
1049 2762 1283 2831 constituitur
1299 2786 1356 2832 ne·

173 2875 360 2945 censarius
384 2873 467 2939 ordo
493 2893 719 2960 personarum
742 2869 805 2937 SS.
827 2868 1028 2952 Trinitatis,
1057 2874 1098 2936 ut
1120 2891 1221 2958 saepe
1245 2871 1313 2938 iem
1337 2893 1358 2939 a

172 2984 252 3050 PP.
281 2979 498 3048 declaratum
518 2977 684 3049 vidimus.
715 2975 905 3066 «Spiritus
922 2975 1073 3044 Sanctus
1096 2997 1163 3043 non
1188 2977 1229 3045 de
1253 2977 1357 3045 Patre
1473 2973 1478 2986 ‘

179 3089 342 3182 procedit
366 3089 402 3154 in
418 3086 564 3170 Filium,
591 3092 627 3153 et
650 3085 691 3152 de
714 3084 806 3152 Filio
831 3084 985 3174 procedit
1008 3084 1051 3153 ad
1072 3085 1357 3154 sanctificandam

180 3205 405 3280 creaturam3
432 3193 490 3262 sed
507 3193 612 3260 simul
629 3193 670 3261 de
688 3200 837 3283 utroque
854 3193 1022 3282 procedit,
1050 3196 1206 3284 quamvis
1226 3195 1286 3262 doc
1301 3195 1358 3262 Fi·

183 3312 234 3376 tto
253 3309 362 3375 Pater
378 3305 522 3385 dederit,
547 3317 586 3368 at
603 3302 881 3393 quemadmodum
899 3301 939 3368 de
953 3324 999 3384 se,
1022 3305 1074 3369 ita
1091 3302 1131 3370 dc
1146 3303 1210 3369 ttto
1227 3328 1359 3396 qaoque

175 3411 360 3508 procedat.
390 3412 509 3500 Neque
532 3410 622 3477 enim
647 3431 829 3499 possumus
853 3410 980 3490 dicere,
1008 3410 1097 3500 quod
1122 3412 1261 3479 nonsit
1284 3412 1360 3479 vita

186 3523 348 3614 Spiritus
373 3520 536 3601 Sanctus,
563 3542 640 3587 cum
658 3518 736 3587 vita
759 3519 875 3602 Pater,
903 3518 983 3588 vita
1004 3518 1053 3586 sit
1075 3518 1211 3605 Filius;
1237 3543 1277 3586 ac
1295 3543 1360 3608 per
1458 3520 1461 3524 ’

189 3636 248 3701 dcc
263 3634 352 3698 sicat
368 3632 473 3696 Pater
489 3652 561 3693 cam
579 3629 702 3694 lrabeat
719 3632 827 3694 citam
846 3628 882 3692 ia
897 3630 1088 3715 semetipso,
1106 3626 1202 3693 dedit
1217 3642 1250 3693 et
1263 3627 1359 3694 Filio

191 3741 310 3807 tabere
332 3740 440 3804 vitam
465 3737 502 3800 ia
523 3738 719 3823 semetipso:
745 3736 793 3800 sic
818 3736 850 3799 ei
875 3732 970 3800 dedit
992 3732 1299 3823 citamuprocederc
1321 3735 1361 3801 dc

191 3848 265 3930 ttto,
291 3847 380 3911 sicat
401 3841 557 3930 procedit
581 3856 612 3907 et
637 3841 676 3907 dc
699 3844 805 3930 ipson
832 3842 928 3930 Aug.
949 3840 1051 3909 into.
1071 3847 1177 3910 tract.
1196 3841 1251 3908 99.
1271 3865 1307 3911 11.
1326 3843 1357 3911 9.

193 3955 284 4043 (vide
302 3953 369 4022 rh.
387 3949 525 4020 xxut.
546 3974 581 4018 n.
600 3950 648 4032 Ι.)

260 4259 302 4336 (1)
321 4261 393 4317 vtae
413 4260 447 4314 a
460 4259 568 4314 rrtntc.
588 4259 643 4312 ru.
656 4256 778 4310 xxxn.
