3120 4988
688 309 727 324 -
750 276 809 340 aab
830 308 869 323 -

169 383 276 453 'esso
299 397 331 451 et
353 384 458 450 simul
482 408 523 452 aa
546 384 642 452 Filio
667 386 862 451 testimonio
886 386 1083 475 confirmari
1109 387 1190 471 (και
1212 386 1281 478 ἜΚ
1310 413 1370 456 του

198 496 273 556 otoo
296 496 593 584 συμαρτυρειται);
620 492 803 584 eodemque
822 493 920 559 modo
936 492 1050 584 quoad
1066 492 1200 561 celebre
1216 496 1372 564 testimo·

198 599 297 666 nium
319 600 449 667 Basilii
472 605 599 686 (contr.
618 599 768 667 Eunom.
785 600 810 667 l.
830 600 898 667 ΙΙΙ.
918 624 953 668 u.
974 601 1024 688 1.)
1048 602 1226 669 accusatio
1254 625 1370 675 corru-

198 706 314 794 ptelae
338 707 375 773 in
400 716 506 796 caput
522 707 825 775 schismaticorum
841 714 1078 798 retorquetur,
1098 710 1260 800 qnoniam
1278 735 1370 782 nunc

198 816 406 904 praesertim
429 822 507 903 post
531 837 639 884 novas
663 838 766 885 curas
790 815 928 883 Maroni
952 823 987 883 et
1010 817 1210 886 cardinalis
1224 819 1297 887 Mai
1314 822 1372 890 de-

198 932 428 993 monstratum
445 926 579 994 censeri
592 927 703 1009 debet,
718 908 1104 1013 lectionemgenuinam
1121 925 1373 998 catholicorum

198 1037 238 1102 in
262 1044 412 1127 utroquo
435 1036 511 1104 loco
536 1057 644 1125 usque
675 1033 720 1100 ad
744 1032 1040 1100 confirmationem
1068 1032 1269 1103 schismatis
1299 1059 1374 1124 per·

200 1143 335 1212 stitisse
360 1146 398 1212 in
420 1143 610 1226 codicibus,
630 1165 777 1234 quorum
795 1141 916 1228 plures
933 1140 1048 1209 adhuc
1065 1141 1238 1211 habentur
1256 1167 1375 1234 snper·
1445 1159 1448 1165 '

199 1252 303 1320 stites
316 1252 378 1341 (1).
405 1253 456 1320 De
480 1252 537 1319 his
561 1250 648 1319 alibi
679 1249 767 1317 satis
798 1249 931 1317 dictum
962 1250 1174 1337 est·(Tract.
1204 1250 1245 1319 de
1271 1252 1371 1322 Trin.

200 1360 252 1429 ed.
272 1361 305 1428 2.
325 1386 361 1450 p.
380 1362 460 1432 523.
479 1384 553 1453 sqq.
580 1367 616 1429 et
634 1358 717 1455 *heic
742 1356 905 1447 superius
928 1382 960 1447 p.
977 1357 1055 1426 129.
1072 1361 1153 1449 sq).

268 1470 301 1556 b)
327 1469 416 1537 Tum
441 1476 666 1560 seponantur,
686 1488 774 1559 quae
790 1466 987 1535 Photianus
1004 1466 1140 1554 ingerit
1155 1466 1196 1535 de
1212 1474 1376 1556 corrupto

201 1582 355 1648 textus.
381 1578 588 1646 Hormisdae
613 1576 797 1646 Pontificio
821 1577 858 1642 iu
882 1575 1031 1663 epistola
1054 1575 1109 1643 79.
1129 1577 1173 1644 ad
1198 1577 1375 1647 Iustinum

146 1691 151 1710 ⁶
200 1687 456 1775 imperatorem,
483 1692 521 1753 et
544 1684 691 1773 Didymi
716 1683 752 1749 in
776 1681 868 1749 libro
892 1682 934 1749 de
959 1680 1098 1770 Spiritu
1123 1683 1160 1752 S.
1187 1708 1220 1752 n.
1249 1684 1304 1753 34.
1331 1708 1374 1753 ex

200 1795 414 1865 versiones.
441 1794 660 1883 Hieronymi;
688 1803 835 1888 uterque
860 1793 951 1862 enirn
975 1791 1073 1860 locus
1098 1792 1235 1860 omuino
1264 1794 1374 1864 since·
1440 1850 1450 1864 .

194 1928 261 1973 rns
284 1927 327 1971 ex
350 1903 564 1973 editionibus
588 1902 725 1971 criticis
749 1903 930 1993 probatur,
949 1897 1264 1971 neoZoernilrawii
1282 1912 1374 1979 etex

195 2036 238 2082 eo
265 2011 488 2100 Theophanis
511 2009 756 2102 Probopowioa
780 2017 815 2077 et
838 2009 986 2078 Macarii
1010 2030 1133 2097 gerrae
1157 2008 1267 2105 ullius
1292 2020 1378 2083 suut

189 2117 378 2188 momenti.
405 2116 496 2187 Vide
520 2116 561 2185 de
594 2117 782 2185 Hormisda
809 2117 847 2182 in
879 2116 999 2184 Tract.
1027 2114 1069 2182 de
1100 2114 1233 2186 Trinit.
1257 2107 1313 2191 ed.
1338 2121 1372 2192 2.

186 2252 232 2318 p.
263 2226 341 2312 both
368 2226 410 2293 de
435 2230 542 2293 textu
561 2232 597 2293 et
620 2218 952 2313 contextu-Didymi
976 2246 1085 2313 supra
1107 2249 1140 2315 p.
1159 2225 1216 2294 45.

267 2337 298 2419 c)
322 2334 430 2400 Porro
453 2339 665 2420 seponantur
687 2331 892 2399 nebularum
917 2331 1187 2400 declamationes
1211 2332 1252 2402 de
1276 2340 1377 2408 textu

189 2471 227 2514 s.
255 2442 454 2532 Augustini
481 2443 596 2529 (Tria.
623 2442 668 2511 V.
696 2463 771 2529 cap.
800 2440 885 2526 11.),
916 2461 1015 2530 quem
1050 2442 1177 2509 Petrus
1210 2442 1377 2514 Lombar·

188 2552 266 2620 dus
290 2549 338 2635 (1.
358 2558 446 2618 sent.
466 2549 551 2618 dist.
567 2549 640 2636 18.)
664 2547 862 2638 corrupisse
886 2546 1030 2616 dicitur.
1049 2546 1279 2618 Luculentum
1302 2552 1378 2622 Au-

189 2659 339 2749 gustini
354 2656 551 2726 doctrinam
566 2655 788 2746 exposuimus
805 2655 941 2744 (Tract.
963 2656 1006 2723 de
1024 2655 1123 2725 Trin.
1140 2654 1207 2725 Th.
1222 2657 1373 2730 XXXV.

192 2792 234 2836 n.
261 2766 349 2854 IL),
382 2775 423 2835 ut
457 2788 525 2833 non
556 2765 741 2851 catholicis
773 2764 948 2854 theologis
976 2764 1038 2833 sed
1067 2764 1253 2833 Photianis
1288 2790 1374 2856 opus

189 2877 249 2944 sit
271 2873 503 2964 corruptelis,
530 2895 677 2965 quarum
700 2874 899 2962 patratione
922 2871 1116 2941 Macarium
1140 2873 1295 2943 vidimus
1310 2897 1370 2945 au·

192 3007 277 3053 sum
312 3004 387 3051 esse
417 2982 608 3066 affirmare,
650 2983 809 3079 adirectc
840 2981 884 3048 ab
915 2979 1119 3070 Augustino
1154 2982 1372 3077 repudiatam

197 3092 313 3161 inisse
336 3090 533 3159 doctrinam
556 3090 599 3158 de
622 3089 841 3179 processione
864 3088 1022 3176 Spiritus
1046 3088 1166 3158 Sancti
1191 3111 1211 3156 a
1238 3089 1371 3162 Filio.»

190 3201 239 3267 In
265 3222 305 3267 eo
335 3200 410 3287 ipso
446 3204 624 3282 contextu,
650 3221 693 3266 ex
728 3220 795 3287 quo
827 3196 1055 3285 interpolatio
1091 3196 1271 3284 obiicitur,
1298 3223 1374 3270 ver·

197 3309 252 3376 bis
277 3307 423 3376 disertis
443 3332 475 3377 s.
492 3308 613 3376 doctor
636 3306 813 3390 declarat,
843 3308 1013 3374 ‹ePatrem
1040 3311 1076 3375 et
1102 3305 1234 3374 Filium
1267 3331 1373 3377 unum

196 3416 413 3507 principium
447 3415 605 3506 Spiritus
637 3414 789 3483 Sanctia
817 3416 878 3501 (2).
917 3415 1044 3483 Totum
1068 3416 1236 3485 delictum
1271 3419 1371 3487 Lom-

201 3525 322 3609 bardi,
361 3523 422 3611 qui
454 3524 492 3591 in
527 3523 644 3592 eadem
679 3522 744 3589 illa
778 3523 1006 3592 dIstinctione
1039 3523 1179 3594 XVIII.
1205 3525 1377 3595 describit

270 3687 314 3758 (1)
331 3673 500 3740 Photianus
511 3689 610 3739 noster
628 3685 823 3752 patriarcham
842 3687 958 3740 Beccum
974 3690 1003 3741 st
1016 3688 1228 3742 Emmanuelem
1244 3690 1371 3747 calecam

202 3782 315 3833 accusat
334 3776 571 3843 interpolationis
590 3776 750 3843 particulae
770 3773 797 3828 ἐκ
815 3773 903 3847 (deux
928 3776 1091 3831 deserteurs
1117 3778 1151 3831 de
1179 3779 1373 3837 l’orthodoxie

203 3871 296 3936 Vsque
316 3871 346 3920 et
363 3868 475 3933 Palica,
492 3866 541 3933 qui
561 3867 720 3919 acrivireut
732 3881 767 3918 ou
783 3866 884 3920 iaveur
899 3866 935 3919 du
949 3868 1018 3920 faux
1035 3868 1133 3932 dogma
1149 3864 1282 3939 romain).
1303 3872 1373 3935 Quo·

205 3957 282 4012 modo
301 3972 406 4025 quaeso
423 3958 486 4010 fieri
504 3957 608 4023 potuit,
624 3959 657 4009 ut
674 3955 778 4008 Beccus
797 3960 826 4008 et
844 3957 969 4025 dolebas,
987 3972 1068 4024 quom
1086 3959 1227 4011 Macarius
1247 3961 1295 4013 val
1309 3963 1370 4016 eius

209 4051 344 4117 interpres
362 4050 467 4114 ubique
486 4050 617 4101 nominat
627 4049 767 4115 Palmam,
784 4050 916 4101 viventes
937 4051 1012 4101 alter
1031 4050 1111 4102 XIII.
1128 4051 1203 4103 alter
1218 4051 1294 4104 XIV.
1311 4067 1371 4105 sae·

210 4143 265 4193 culo
283 4140 455 4207 scripserint
474 4138 583 4192 codices
602 4139 713 4192 saeculo
732 4138 782 4189 IX.
797 4139 986 4208 antiquiores,
1000 4141 1031 4192 in
1052 4143 1153 4207 quibus
1178 4143 1322 4209 particula
1342 4141 1369 4196 ἐκ

210 4229 317 4294 integra
328 4229 445 4281 exstat?
459 4227 514 4281 Sed
532 4243 633 4295 nempe
651 4228 754 4281 Beccus
774 4229 805 4278 iu
825 4228 933 4294 synodo
944 4231 1147 4297 Episcoporum
1164 4235 1193 4284 et
1206 4232 1369 4300 principum

206 4321 335 4385 convicit,
351 4320 521 4385 particulam
541 4317 604 4370 dolo
624 4320 698 4371 malo
717 4334 735 4371 a
754 4316 943 4374 schismaticis
964 4334 1073 4372 erasum
1092 4321 1193 4377 fuisse:
1207 4322 1275 4375 iude
1296 4323 1367 4375 irael

276 4402 315 4479 (2)
331 4409 433 4461 Locum
452 4407 653 4475 descripsimus
671 4409 702 4460 iu
720 4408 815 4461 Tract.
831 4406 864 4461 de
883 4409 962 4462 Tria.
977 4426 1004 4476 p.
1022 4407 1084 4463 506.

266 4525 426 4582 ranzanus,
443 4525 480 4574 De
496 4534 608 4586 process.
627 4523 738 4584 Spiritus
754 4522 851 4572 Sancti.
1248 4527 1285 4584 ro¹
