3120 4988
699 331 736 344 -
757 298 815 362 303
837 331 875 346 -

202 401 391 491 symbolum
415 404 548 472 inserta
571 408 624 472 est
647 425 715 473 non
739 405 917 475 haeretica
940 404 1077 498 quidem
1101 403 1273 489 doctrina,
1305 405 1364 500 sed

202 514 314 598 opinio
337 518 454 581 tamen
477 513 687 603 theologica,
707 536 795 606 quae
811 514 852 581 ob
875 514 967 581 hanc
984 514 1096 604 ipsam
1119 514 1292 583 concisam
1307 534 1366 582 ex·

199 620 406 708 pressionem
429 643 607 711 perperam
641 621 801 711 intelligi
824 626 987 712 poterat,
1018 643 1059 691 ac
1083 622 1114 690 si
1138 620 1208 690 duo
1232 622 1270 689 in
1293 622 1364 689 Deo

200 732 435 796 statuerentur
459 729 644 818 principia.
667 759 683 792 n

261 861 278 894 u
296 834 419 917 Quoad
443 836 589 903 formam
608 835 698 903 iuris
714 834 786 903 ista
803 835 972 924 ampliato
989 833 1198 904 oecumenici
1215 835 1365 926 symboli

197 940 274 1010 idei
297 942 376 1010 ideo
391 942 581 1032 illegitima
597 949 684 1028 erat,
705 945 788 1034 quia
808 967 876 1011 non
892 944 964 1012 nisi
981 944 1024 1010 eb
1041 943 1258 1012 oecumenico
1273 941 1363 1011 Con·

196 1047 275 1117 cilio
298 1049 437 1118 decerni
461 1051 645 1139 potuisset,
664 1072 702 1119 eo
726 1054 843 1119 autem
860 1059 1023 1140 tempore,
1044 1073 1111 1141 quo
1131 1049 1280 1118 inducta
1295 1056 1362 1135 est,

194 1154 259 1224 iam
284 1159 522 1227 controversia
557 1159 702 1247 vigebat
732 1159 773 1227 de
810 1160 1009 1249 dogmatica
1043 1159 1196 1228 veritate
1228 1159 1365 1227 addita·

193 1266 313 1352 menti,
332 1266 514 1357 ipsumque
538 1267 581 1334 ab
598 1288 667 1334 une
692 1267 792 1357 parte
807 1267 986 1336 Ecclesiae
1008 1266 1241 1336 adhibebatur
1263 1267 1363 1337 velut
1419 1321 1424 1325 .

191 1373 300 1441 telum
326 1379 446 1442 contra
468 1382 602 1462 partem
626 1374 787 1443 alteram.
811 1405 827 1438 n

201 1566 204 1578 Ι
255 1481 292 1546 7ο
319 1479 450 1562 «Quod
474 1481 640 1550 universa
656 1482 814 1551 Ecclesia
838 1480 1069 1550 occidentalis
1086 1481 1363 1552 additamentum

191 1586 258 1657 hoc
283 1589 383 1657 modo
404 1588 588 1657 inductum
610 1612 670 1679 per
694 1590 798 1680 plura
828 1589 968 1659 saecula
995 1590 1121 1659 habuit
1144 1590 1181 1657 in
1205 1592 1362 1680 symbolo

185 1694 284 1782 fidei,
311 1697 392 1764 inde
415 1696 553 1765 nullum
578 1698 722 1767 formale
746 1699 803 1767 ius
827 1698 859 1767 ei
883 1698 1019 1791 acquiri
1043 1698 1173 1788 potuit.
1193 1728 1209 1761 n

259 1831 275 1867 a
294 1802 517 1893 Quapropter
529 1806 717 1893 optandum
734 1810 838 1892 esset,
858 1813 899 1874 ut
915 1804 1112 1876 Christiani
1128 1804 1362 1874 occidentales

182 1911 466 1980 additamentum
482 1910 612 1980 iterum
635 1912 866 1999 dimitterent,
886 1913 971 2005 quin
987 1913 1129 1980 interim
1146 1933 1243 1980 suam
1260 1934 1360 2001 prae-

183 2023 322 2088 sentem
343 2017 576 2107 theologicam
600 2021 809 2088 sententiam
833 2021 875 2089 de
900 2020 1078 2089 Trinitate
1102 2025 1279 2088 mutarent
1295 2019 1360 2109 (l).

182 2123 265 2194 Hac
288 2124 390 2192 illius
425 2125 566 2193 additae
601 2127 798 2215 particulae
821 2126 1008 2196 reiectione
1043 2126 1361 2218 praepedimentum

181 2234 284 2302 inter
306 2232 482 2303 Ecclesiae
499 2233 645 2303 orientis
669 2240 705 2302 et
728 2234 918 2304 occidentis
942 2232 1120 2327 hucusque
1136 2235 1362 2324 inexsupera-

184 2341 261 2410 bile
286 2341 462 2409 sublatum
487 2342 598 2424 foret,
626 2347 768 2433 tumque
802 2341 950 2410 dissidia
980 2343 1118 2434 reliqua
1142 2341 1247 2410 facile
1269 2365 1360 2411 com·

185 2447 334 2538 planari
357 2453 510 2537 possent.
536 2453 570 2514 A
586 2469 650 2516 sua
674 2449 848 2517 sententia
872 2449 1071 2539 theologica
1094 2449 1257 2519 decedere
1274 2451 1363 2519 occi·

183 2555 390 2625 dentalibus
413 2558 646 2626 necessarium
670 2580 736 2625 non
761 2561 864 2640 esset,
885 2558 967 2646 quia
983 2557 1019 2624 id
1034 2558 1126 2650 quod
1149 2558 1281 2626 dicitur
1298 2581 1358 2649 per

183 2685 305 2733 vocem
330 2664 512 2755 Filioque,
537 2665 677 2733 etiamsi
707 2665 933 2754 intelligatur
965 2666 1152 2734 secundum
1188 2666 1360 2735 theoriam

183 2771 399 2861 Augustini,
419 2771 590 2840 haeresim
613 2795 679 2839 non
698 2770 951 2865 continet,·im0
975 2772 1126 2854 formula
1148 2772 1288 2862 petitur
1308 2773 1361 2840 in-

181 2878 493 2969 terpretationem,
521 2901 590 2971 qua
622 2903 699 2948 cum
731 2879 844 2947 altera
868 2879 1080 2947 Graecorum
1110 2869 1168 2946 δια
1200 2904 1260 2948 του
1287 2883 1357 2945 dccc

182 2990 263 3077 (per
287 2987 436 3074 Filium)
461 2988 561 3055 velut
584 2987 739 3056 identica
763 2995 1033 3078 componetur.»

208 3128 212 3135 ·
256 3123 272 3157 u
292 3096 332 3164 Si
344 3096 548 3164 Hadrianus
563 3097 593 3164 Ι.
611 3096 845 3185 patrocinium
862 3098 1017 3186 suscepit
1033 3098 1204 3167 formulae
1221 3088 1279 3164 dcc
1297 3123 1357 3166 του

188 3205 273 3283 troo,
299 3211 335 3272 et
358 3205 427 3272 Leo
451 3204 520 3270 Ill.
541 3226 656 3272 vocem
682 3206 845 3296 Filioque
867 3205 983 3274 noluit
999 3205 1157 3295 symbolo
1173 3205 1354 3293 insertam;

187 3310 217 3377 si
241 3309 400 3379 vicissim
424 3310 597 3378 Maximus
622 3312 806 3380 Conl'esscr
831 3334 947 3381 vocem
973 3313 1148 3403 Filioque,
1177 3320 1353 3405 tamquam

185 3417 292 3485 aliam
323 3417 434 3485 solum
466 3419 720 3507 expressionem
745 3442 807 3509 pro
832 3419 984 3488 formula
1007 3410 1065 3486 δια
1090 3445 1150 3489 του
1178 3424 1269 3504 dccc,
1296 3420 1359 3489 mi-

184 3525 277 3595 nime
301 3525 531 3615 improbabat,
558 3534 594 3594 et
616 3527 828 3596 Patriarcha
856 3529 1266 3620 constantinopolitanus
1292 3530 1356 3599 Ta-

187 3632 306 3701 resius
330 3633 579 3701 confessionem
604 3624 661 3700 δια
687 3660 747 3703 του
767 3639 837 3702 ὑιου
855 3637 890 3703 in
908 3638 1022 3726 ipsum
1043 3659 1144 3704 suum
1161 3638 1357 3727 symbolum

188 3739 267 3808 fidei
292 3742 465 3829 suscepit:
492 3765 559 3809 non
583 3747 638 3811 est
661 3743 877 3833 desperanda
899 3744 1004 3813 etiam
1028 3750 1107 3834 post
1131 3745 1227 3814 mille
1251 3768 1356 3813 anno-

190 3867 263 3915 rum
288 3847 474 3916 dissidium
497 3850 637 3917 tandem
662 3858 828 3919 secutura
853 3843 1140 3919 reconciliatio.»

252 3957 428 4026 Habemus
462 3959 519 4027 hic
555 3982 622 4026 non
659 3960 755 4027 modo
791 3961 1066 4049 conglomeratae
1096 3961 1356 4051 Neophotianas

193 4065 468 4157 suppositiones,
494 4067 621 4158 quibus
651 4066 827 4156 principia
850 4068 928 4157 ipsa
951 4067 1033 4137 fidei
1062 4070 1253 4139 catholicae
1277 4057 1357 4140 sub·

256 4230 299 4309 (1)
319 4234 357 4286 Es
370 4239 443 4286 utre
461 4233 557 4286 darum
571 4236 840 4302 wieschenswerth,
862 4235 929 4289 dees
943 4236 989 4289 die
1010 4237 1251 4293 abendlt‘cndische
1273 4241 1355 4294 chri-

200 4323 324 4376 stsnhelt
342 4321 397 4375 den
413 4323 518 4375 Zusetz
532 4320 638 4374 wieder
650 4321 740 4376 fallen
754 4323 849 4389 liesse,
872 4326 943 4377 ohne
958 4323 1055 4377 indess
1074 4325 1138 4378 ihre
1154 4328 1262 4396 jetnige
1280 4330 1357 4385 theo·

193 4409 313 4479 lusurus
332 4412 628 4479 Acechauungsweise
646 4413 716 4466 liber
735 4412 781 4465 die
801 4414 931 4467 'l'rinittt
950 4429 985 4468 nu
1004 4413 1122 4469 tndem.
