3120 4988
598 345 635 358 -
658 313 694 375 21
718 344 755 357 -

89 418 196 487 etiam
219 419 378 488 vicissim
402 421 548 509 primam
572 417 735 507 generari
759 440 780 485 a
803 418 967 487 secunda.
996 418 1070 486 Hoc
1087 416 1119 485 si
1143 418 1265 485 absur-

89 527 171 594 dum
194 549 269 594 esse
300 526 407 595 etiam
442 526 517 615 ipse
547 527 697 594 fortasse
732 525 931 614 intelligit,
959 527 1117 593 fateatur
1157 547 1266 616 aeque

89 636 227 703 omuino
243 636 433 703 absurdum
457 657 531 702 esse
555 657 595 702 ex
619 657 670 719 eo,
690 634 780 727 quod
797 635 905 702 tertia
929 656 1075 724 persona
1100 633 1268 724 procedat

90 743 289 824 asecunda,
305 741 510 812 concludere
526 742 684 811 vicissim
700 744 888 811 secundam
905 729 1089 832 procedere
1105 764 1127 809 a
1139 741 1264 810 tertia.

91 849 130 917 Si
154 858 382 940 pervertatur
398 851 558 918 internus
582 851 803 937 necessarius
827 851 910 919 ordo
927 851 1116 940 originum,
1135 849 1269 942 hocque

92 943 169 1048 ipso
192 960 389 1027 oeconomia
413 959 476 1028 SS.
496 959 688 1027 Trinitatis
711 983 780 1028 non
803 961 919 1027 minus
943 960 1142 1028 necessaria
1165 982 1269 1049 quam

93 1070 243 1156 ipsamet
267 1067 390 1136 divina
424 1068 578 1136 essentia
600 1074 635 1137 et
659 1068 867 1154 existentia,
892 1091 936 1136 ex
967 1067 1131 1136 absurdis
1154 1089 1270 1135 conse·

95 1182 248 1267 quantur
272 1177 395 1267 utique
429 1178 593 1245 absurda.
621 1177 659 1244 Si
683 1178 849 1246 nimirum
883 1199 1015 1267 ponas,
1042 1175 1269 1266 spirationem

97 1282 256 1373 Spiritus
280 1283 402 1353 Sancti
431 1286 553 1354 ordine
588 1285 737 1374 originis
774 1286 923 1375 priorem
946 1308 1020 1355 esse
1044 1285 1271 1375 generatione

97 1392 229 1477 Verbi,
256 1400 362 1484 atque
385 1393 438 1461 ita
469 1392 643 1482 Spiritum
676 1391 843 1461 Sanctum
879 1394 1066 1463 secundam
1081 1445 1089 1481 ,
1115 1393 1271 1461 Verbum

98 1485 242 1569 tertiam
267 1523 466 1589 personam;
493 1499 574 1567 inde
598 1500 734 1567 omnino
759 1506 1003 1591 consequetur,
1031 1500 1121 1590 quod
1146 1499 1273 1569 volunt

99 1608 275 1693 Photiani,
303 1607 475 1698 Spiritum
499 1606 667 1677 Sanctum
692 1608 874 1698 procedere
891 1630 912 1675 a
928 1606 1001 1675 solo
1024 1608 1143 1689 Patre,
1161 1627 1203 1673 ac
1219 1604 1271 1672 in·

102 1738 204 1805 super
228 1714 333 1800 illud,
360 1715 450 1806 quod
473 1714 649 1783 Macarius
672 1738 741 1783 non
764 1715 801 1783 in
825 1715 987 1784 doctrina
1011 1713 1188 1784 catholica
1213 1712 1274 1780 sed

101 1823 136 1890 in
159 1830 291 1895 emotae
315 1823 441 1890 mentis
465 1823 665 1891 fictionibus
689 1824 833 1914 reperit,
858 1824 992 1891 Filium
1015 1843 1196 1912 personam
1221 1818 1276 1888 vi-

104 1930 227 2000 delicet
251 1929 394 1999 tertiam
410 1931 574 2020 generari
596 1954 617 1999 a
641 1932 753 2022 prima
777 1939 814 2000 et
837 1932 1002 2018 secunda,
1022 1931 1128 2000 Patre
1141 1934 1178 1997 et
1195 1926 1274 2017 Spi-

105 2040 177 2109 ritu
200 2038 344 2108 Sancto.

50 2239 52 2242 y
168 2148 204 2214 3⁰
227 2146 405 2214 Macarius
428 2147 530 2216 velut
553 2169 719 2237 magnum
743 2136 879 2239 aliquid
903 2147 1035 2231 dicens,
1062 2169 1139 2214 cum
1157 2143 1277 2214 Marco

107 2257 256 2348 Ephesio
280 2261 395 2348 (quem
418 2258 492 2346 ipse
517 2258 553 2325 in
577 2279 738 2328 canonem
764 2255 971 2325 Sanctorum
995 2256 1139 2341 refert),
1165 2255 1278 2323 inter·

109 2373 231 2455 rogat,
259 2389 321 2433 cur
345 2365 509 2433 Christus
545 2372 727 2456 postquam
751 2366 948 2433 missionem
973 2363 1131 2454 Spiritus
1155 2360 1284 2430 Sancti

109 2481 179 2543 tum
203 2473 305 2542 Patri
328 2481 403 2541 tum
435 2473 503 2541 sibi
527 2473 718 2558 attribuit,
746 2473 942 2540 immediate
970 2487 1050 2564 poet
1087 2473 1155 2538 illa
1178 2471 1282 2539 verba

48 2572 49 2578 ἵ
111 2583 252 2675 loquens
277 2583 318 2650 de
341 2583 570 2672 processione,
597 2583 740 2667 dixerit,
761 2584 821 2674 qui
846 2608 868 2651 a
891 2586 1000 2652 Patre
1022 2582 1193 2674 procedit,
1213 2603 1283 2650 non

112 2714 202 2776 vero,
230 2690 291 2782 qui
315 2715 337 2756 a
359 2687 456 2757 cobis
480 2690 665 2781 procedit?
688 2691 751 2777 (1).
1010 2690 1013 2695 ’

174 2803 217 2887 a‘p
235 2798 505 2887 Respondemus,
524 2799 561 2866 id
579 2800 711 2867 factum
728 2822 815 2883 esse,
835 2799 919 2891 quia
935 2806 1078 2868 aeterna
1093 2798 1287 2889 Sapientia,

114 2907 150 2976 da
174 2905 317 2989 verbis,
344 2906 471 2997 quibus
502 2928 600 2973 suam
631 2906 827 2974 doctrinam
862 2906 1021 2975 traderet
1044 2904 1225 2996 Apostolis
1250 2912 1286 2974 et

112 3013 309 3098 Ecclesiae,
336 3013 452 3082 noluit
476 3014 655 3082 consulere
687 3013 861 3097 homines,
888 3014 949 3106 qui
973 3037 1065 3083 nunc
1090 3019 1278 3106 quaeruut,

115 3146 173 3192 cur
196 3146 266 3189 non
289 3122 367 3212 ipsa
390 3122 475 3191 hae'c
498 3124 606 3191 verba
629 3121 773 3206 dixerit,
800 3124 863 3212 qai
887 3146 909 3187 a
932 3146 983 3189 me
1000 3121 1171 3210 procedit,
1191 3118 1288 3187 sicut

116 3231 175 3300 alii
191 3231 425 3318 interrogant,
444 3253 507 3298 cur
523 3252 592 3297 non
609 3229 753 3297 dixerit:
769 3229 873 3297 Pater
889 3236 925 3298 et
940 3229 1058 3298 Filius
1075 3237 1110 3298 et
1128 3227 1288 3317 Spiritus

117 3338 264 3408 Sanctus
287 3346 372 3407 sunt
394 3344 468 3406 tres
484 3360 650 3428 personae
668 3338 989 3407 consubstantiales
1002 3339 1166 3427 (obiectio
1184 3335 1290 3417 Aria-

118 3447 171 3516 nis
193 3449 387 3538 frequens);
414 3469 478 3515 our
501 3470 571 3514 non
596 3445 741 3515 dixerit:
768 3446 853 3515 haec
879 3455 933 3515 est
956 3447 1035 3516 vita
1058 3453 1222 3530 aeterna,
1248 3451 1291 3513 ut

118 3561 325 3644 cognoscant
347 3559 383 3621 te
405 3560 441 3621 et
464 3575 516 3620 me
550 3560 586 3621 et
609 3552 784 3642 Spiritum
821 3552 988 3623 Sanctum
1021 3553 1133 3622 solum
1160 3573 1290 3622 ¹verum

190 3718 260 3794 (1)u
283 3720 334 3774 Oet
352 3720 440 3773 envoi
460 3718 509 3792 (du
527 3716 745 3793 Saint-Esprit)
763 3720 786 3775 il
806 3723 953 3775 l'attribue
979 3721 1036 3775 soit
1062 3736 1098 3772 an
1122 3722 1211 3788 Pero,
1237 3719 1295 3775 soit

121 3813 194 3866 itui
214 3815 312 3877 meme,
329 3827 363 3863 cn
382 3813 446 3863 leur
465 3810 573 3864 disant:
589 3814 618 3863 et
635 3811 665 3878 js
687 3827 758 3864 vous
779 3812 934 3865 l'enverrai
952 3808 1047 3886 (Jean.
1061 3811 1123 3865 XV.
1138 3811 1182 3877 26,
1203 3827 1293 3880 comp.

120 3898 194 3952 XIV.
210 3894 280 3971 aa).
302 3897 376 3951 Mais
401 3895 450 3950 des
472 3897 766 3964 qu’immtdiatement
784 3901 868 3964 apres
887 3914 932 3951 ecs
951 3896 1064 3964 parolus
1090 3895 1115 3948 il
1140 3913 1294 3951 commanos

120 3990 248 4056 aparler
267 3987 301 4040 de
322 3987 351 4040 la
370 3988 532 4053 processioa
553 3986 589 4039 du
610 3989 637 4042 S.
653 3989 686 4043 Ε.
703 4004 732 4040 ce
752 3988 827 4040 n'est
846 3989 910 4054 plus
931 4003 985 4053 qne
1005 3986 1032 4039 le
1051 3989 1122 4039 Pero
1148 3989 1219 4054 qu'il
1250 3987 1296 4038 in-

123 4077 205 4147 dique
225 4092 294 4130 sans
313 4075 388 4129 isira
407 4092 515 4130 aucune
536 4077 662 4130 allusion
685 4079 701 4129 b
721 4093 752 4130 sa
771 4092 875 4144 propre
893 4091 1044 4143 personne.
1066 4076 1206 4143 Pourquoi
1226 4075 1297 4128 dono

123 4165 415 4219 demandamus-nous
435 4183 502 4220 avec
521 4168 603 4218 saint
623 4167 702 4219 Marc
716 4164 867 4239 d'prbsa,
883 4170 965 4216 notre
979 4163 1061 4217 divin
1075 4167 1202 4218 Sanveur
1213 4166 1297 4230 apres

124 4261 203 4312 avoir
224 4260 306 4326 psile
326 4259 351 4312 si
371 4258 559 4312 directement
585 4257 618 4310 de
643 4258 802 4324 lui-meme,
824 4260 854 4309 et
872 4257 1000 4308 attribue
1019 4260 1035 4309 t
1054 4258 1196 4314 lui-meme
1220 4254 1298 4307 ainsi

127 4350 205 4415 qn’an
223 4350 295 4402 Pero
314 4348 420 4401 l'euvoi
434 4347 470 4400 dn
482 4348 510 4401 S.
527 4348 561 4399 E.
575 4348 694 4401 n’cst-il
720 4364 772 4417 pas
792 4346 837 4400 dit
856 4346 1017 4413 egolement
1035 4349 1069 4402 da
1091 4351 1120 4404 la
1132 4348 1297 4418 processioa

128 4439 174 4504 qai
181 4436 302 4505 macida
314 4435 349 4489 do
360 4453 432 4489 noar
444 4437 481 4490 l»
502 4448 568 4505 pag.
583 4435 645 4490 332.
728 4447 731 4452 ·
