3120 4988
687 305 726 320 -
747 274 805 336 ill
829 307 867 321 -

183 387 384 452 tractatum
409 384 494 452 este
519 381 629 471 (Aug.
660 380 778 467 ibid),
803 381 873 451 PP.
900 382 1069 451 docebant
1092 383 1134 452 de
1168 385 1308 457 unitate
1331 395 1367 458 et

189 491 420 562 distinctione
437 490 646 559 'divinarum
676 509 927 578 personarum,
960 493 1160 561 referentur
1185 495 1299 562 omnia
1322 497 1366 566 ad
1405 517 1417 530 ·

190 600 458 689 speculationem
482 596 740 686 theologicam3
766 603 804 666 et
828 598 991 688 quoniam
1015 599 1112 686 haec,
1140 606 1368 694 quantumvis

187 707 367 777 unanimis
391 711 426 774 et
451 729 492 774 ex
517 705 676 794 deposito
700 705 927 774 revelationis
950 708 1151 796 procedens,
1178 713 1367 781 secundum

190 816 367 907 principia
380 795 609 905 hangeniana
623 814 747 902 dogma
759 838 828 881 non
842 815 1039 900 constituit,
1053 820 1279 906 pervenietur
1291 827 1368 890 tan·

193 926 271 994 dem
284 924 329 992 ad
343 923 617 993 eliminationem
630 922 742 991 totius
755 922 935 992 doctrinae
948 923 1141 994 catholicae
1158 927 1199 995 de
1212 926 1276 997 SS.
1292 930 1372 998 Tri·

190 1034 305 1103 nitate
323 1056 364 1101 ex
390 1055 495 1100 censu
512 1032 714 1119 dogmatum
738 1030 999 1100 credendorum.
1018 1032 1116 1115 Quae
1131 1033 1248 1103 eadem
1266 1029 1368 1125 inge·

190 1143 291 1211 niosa
315 1141 454 1211 scilicet
478 1140 697 1230 supputatio,
723 1161 791 1206 non
817 1140 892 1209 sine
915 1141 1114 1230 aspersione
1140 1142 1364 1230 eruditionis,

192 1251 338 1318 institui
359 1249 491 1338 poterit
514 1257 549 1317 et
574 1272 594 1316 a
617 1248 969 1338 Neoprotestantibus
992 1249 1095 1318 iuxta
1109 1274 1174 1319 sua
1193 1251 1370 1343 principia

192 1360 267 1427 sine
292 1359 398 1427 dubio
421 1357 633 1427 instituetur
656 1357 694 1424 in
719 1359 876 1426 omnibus
895 1359 1078 1447 mysteriis
1099 1360 1193 1446 fidei,
1213 1368 1254 1429 nt
1277 1363 1369 1431 nihil

191 1475 333 1559 praeter
358 1489 489 1536 merum
513 1464 796 1534 rationalismnm
818 1466 857 1533 in
881 1466 952 1534 ista
972 1472 1067 1534 secta
1091 1491 1168 1536 mox
1193 1469 1368 1562 reliquum

192 1579 356 1646 futurum
381 1576 441 1645 sit.

257 1684 292 1752 4⁰
318 1684 360 1751 In
385 1683 502 1750 tribus
527 1679 801 1750 commemoratis
825 1680 1010 1770 principiis
1033 1681 1275 1770 Langenianis
1300 1707 1370 1753 ma·
1431 1745 1434 1751 .

194 1793 325 1862 nifasto
342 1791 411 1858 iam
427 1790 533 1859 etiam
550 1788 752 1860 continetur
770 1788 874 1873 illud,
890 1789 981 1880 quod
998 1789 1152 1860 diximus
1167 1813 1241 1860 esse
1257 1793 1370 1883 ipsam

193 1890 339 1971 foimam
364 1899 458 1968 sicut
481 1899 594 1966 totius
618 1897 904 1967 Protestantismi
926 1897 988 1967 ita·
1003 1892 1244 1971 etiam‘novae
1261 1901 1367 1972 huius

193 2015 320 2090 sectae,
347 2007 491 2095 negatio
515 2005 682 2074 videlicet
705 2003 982 2073 infallibilitatis
1012 2005 1049 2072 in
1083 2008 1310 2079 custodiendo
1334 2018 1370 2080 et

193 2115 401 2206 explicando
424 2115 579 2203 deposito
603 2113 697 2197 fidei,
724 2136 764 2181 ac
787 2113 931 2202 proinde
955 2113 1097 2202 negatio
1121 2115 1368 2188 indefectibili·

194 2226 282 2292 tatis
305 2222 498 2292 Ecclesiae.
529 2222 603 2289 Imo
627 2221 658 2290 ei
683 2242 768 2290 vera
801 2228 936 2305 essent,
964 2243 1051 2312 quae
1084 2222 1184 2291 homo
1214 2225 1282 2295 iste
1306 2250 1368 2295 an-

195 2333 318 2401 dacter
342 2333 515 2416 affirmat,
541 2330 699 2400 Ecclesia
723 2329 858 2397 Christi
882 2329 951 2396 iam
976 2329 1171 2418 pridemin
1196 2335 1276 2402 orbe
1299 2342 1369 2404 ter-

195 2464 314 2509 rarum
338 2440 486 2531 periisse
511 2439 657 2507 dicenda
680 2440 783 2507 foret.
809 2437 898 2507 Nem
923 2447 1017 2506 certe
1044 2437 1205 2508 Ecclesia
1233 2442 1370 2515 Christi

194 2573 261 2618 non
285 2559 340 2619 est
362 2570 404 2618 ea
428 2548 643 2633 communio,
682 2570 770 2638 quae
794 2547 830 2614 in
855 2568 918 2614 sua
953 2549 1166 2637 professione
1197 2552 1370 2623 haeresim

193 2657 354 2747 proponit
377 2678 417 2725 ac
442 2656 553 2726 docet.
570 2657 677 2724 Porro
694 2678 791 2723 error
807 2661 861 2722 est
877 2654 1077 2723 haereticus
1101 2678 1168 2724 non
1192 2658 1317 2743 solum,
1337 2662 1368 2729 si

195 2765 326 2832 falsum
350 2764 517 2831 doceatur
543 2771 582 2831 ut
606 2764 740 2832 veritas
764 2763 933 2849 revelata;
954 2762 1013 2830 sed
1037 2762 1191 2831 etiamsi
1216 2764 1252 2832 id
1277 2768 1367 2856 quod

195 2895 315 2940 verum
340 2871 502 2962 quidem,
528 2893 595 2937 non
625 2875 741 2939 tamen
772 2856 967 2937 revelatum
987 2868 1073 2954 eet,
1104 2871 1367 2958 praescribatur

194 2980 400 3048 credendum
425 2987 466 3047 ut
489 2978 683 3047 revelatum
708 2980 770 3066 (cf.
785 2979 903 3046 Tract.
922 2979 963 3045 de
980 2977 1116 3046 Tradit.
1138 2978 1205 3047 Th.
1224 2979 1289 3049 IX.
1310 3007 1369 3052 co·

193 3087 367 3173 rollaria).
387 3086 590 3157 Certissima
607 3086 721 3177 igitur
737 3085 897 3155 Ecclesia
913 3087 1048 3157 Christi
1067 3109 1133 3154 non
1151 3096 1204 3155 eet
1220 3110 1261 3156 ea
1276 3113 1367 3158 com-

192 3197 327 3277 munio,
347 3217 436 3288 quac
455 3196 556 3264 velut
571 3196 762 3264 articulum
788 3195 868 3263 fidei
892 3194 1069 3265 revelatae
1092 3195 1129 3262 in
1154 3219 1218 3264 sua
1235 3200 1366 3286 profes-

189 3307 289 3374 sione
320 3305 482 3393 proponit
513 3305 718 3374 credendam
751 3304 946 3373 doctrinam
970 3325 1036 3370 non
1061 3304 1278 3389 revelatam,
1304 3314 1367 3374 aut

187 3414 350 3484 vicissim
388 3437 476 3506 quae
515 3413 712 3482 doctrinam
746 3413 884 3481 minime
924 3412 1117 3502 oppositam
1157 3415 1367 3485 revelationi

188 3525 336 3592 damnat
361 3535 401 3591 ut
425 3523 648 3606 haereticam,
675 3522 752 3591 sive
770 3523 845 3588 iam
869 3522 1031 3590 doctrina
1046 3522 1098 3590 ita
1113 3525 1293 3613 proposita
1311 3526 1368 3595 vel

189 3635 247 3701 ita
270 3632 437 3700 damnata
460 3631 497 3698 in
522 3655 558 3700 se
583 3652 667 3698 vera
691 3631 742 3698 sit
766 3631 841 3698 sive
866 3630 970 3697 falsa.

258 3739 333 3805 Iam
358 3761 440 3806 vero
463 3738 624 3807 Ecclesia
647 3737 821 3808 catholica
841 3737 1004 3805 universa
1021 3759 1083 3825 par
1100 3737 1211 3805 multa
1227 3741 1368 3809 saecula

192 3848 314 3915 docuit
336 3869 377 3916 ac
402 3847 501 3916 docet
524 3861 563 3911 at
581 3848 668 3935 fidei
699 3846 885 3913 articulum
921 3847 1173 3934 processionem
1210 3848 1368 3936 Spiritus

190 3955 317 4024 Sancti
340 3977 361 4021 a
384 3955 489 4023 Patre
513 3956 701 4047 Filioqae5
728 3935 887 4023 Ecclesia
923 3954 1149 4023 schismatica
1181 3957 1365 4026 orientalis

189 4065 282 4133 hano
306 4064 500 4132 doctrinam
524 4063 706 4132 damnavit
730 4084 770 4131 ao
794 4064 936 4131 damnat
958 4085 1027 4130 non
1053 4063 1164 4131 solum
1183 4066 1282 4134 velut
1300 4068 1362 4136 mi·

192 4175 283 4242 nime
307 4174 537 4264 pertinentem
560 4172 605 4240 ad
628 4171 730 4240 fidem
754 4171 973 4257 catholicam,
992 4172 1051 4240 sed
1070 4174 1207 4240 omnino
1231 4188 1270 4239 ut
1287 4175 1365 4242 toa·

194 4285 360 4364 reticem
380 4280 471 4349 unde
495 4280 713 4349 schismatici
736 4280 955 4370 potissimum
985 4281 1120 4349 ratione
1144 4277 1253 4352 huius
1277 4285 1366 4352 arti-

196 4391 267 4460 culi
290 4389 521 4479 distinguunt
537 4412 635 4457 suam
657 4388 851 4458 Ecclesiam
876 4389 976 4458 velut
991 4389 1215 4458 orthodoaram
1237 4392 1281 4459 ab
1295 4389 1362 4460 Eo·

256 4528 421 4587 namnam,
435 4529 472 4578 De
487 4537 601 4588 process.
619 4526 730 4589 Spiritus
746 4525 841 4577 sanct.
1242 4528 1272 4575 le
