3158 4980
708 257 746 273 -
767 223 826 286 tut
848 254 886 268 -

208 300 409 420 spiratriois
434 356 455 397 a
473 333 581 400 Putre
604 334 642 397 iu
659 334 805 416 Filium,
833 338 874 401 ut
897 332 965 401 ΡΡ.
994 355 1056 400 suo
1073 333 1149 404 loco
1171 358 1193 402 e
1214 336 1318 404 nobis
1340 337 1384 404 ci·
1494 392 1496 397 ,

207 441 276 508 tati
300 440 499 530 explicant3
519 462 607 530 quae
631 463 713 511 vero
739 441 1006 510 communicatio
1030 465 1093 513 uec
1117 443 1386 530 esseutiae,'neo
1478 486 1496 523 ,ι

207 547 376 633 virtutis,
407 571 468 616 nec
497 546 681 617 relationis
710 549 880 639 principii
908 549 1147 619 differentiam
1170 553 1299 637 efficit,
1328 553 1386 622 sed
1466 567 1496 634 J

207 653 395 746 (siquidem
418 642 486 723 nou
511 662 565 724 est
588 656 687 724 aliud
712 679 816 747 quam
835 658 1030 745 generatio)
1049 661 1237 729 constituit
1254 662 1380 730 distin-

209 762 358 831 ctionem
382 786 610 853 personarum
634 765 699 832 sub
723 764 866 831 formali
889 767 1029 833 ratione
1054 768 1177 834 Patris
1201 784 1233 835 et
1254 770 1359 837 Filii.

274 869 404 939 Eadem
422 871 543 940 valent
567 872 608 940 do
633 895 704 940 una
727 871 899 939 relatione
925 872 1086 961 Spiritus
1109 875 1233 942 Sancti
1257 876 1305 942 ad
1319 878 1387 945 Pc-
1438 922 1488 938 -

209 988 292 1042 trem
317 992 350 1044 et
372 979 507 1046 Filium
541 979 579 1046 in
602 980 678 1047 loco
702 978 834 1063 altero,
869 1002 970 1069 quem
993 980 1140 1069 Langen
1166 981 1307 1052 inducit
1331 990 1385 1072 (ex
1456 1016 1479 1058 .-

207 1083 232 1151 l.
255 1083 285 1152 I.
313 1085 354 1153 de
380 1085 518 1176 Spiritu
544 1086 700 1172 Sancto).
733 1085 905 1154 Doctrina
929 1087 1108 1155 Ambrosii
1133 1110 1174 1157 ea
1197 1097 1273 1175 cst,
1300 1115 1385 1183 quae
1461 1134 1472 1157 .-

207 1214 307 1282 saepc
331 1194 425 1283 apud
450 1196 518 1264 ΡΡ.
539 1195 641 1279 alios,
669 1193 875 1262 nominatim
898 1194 990 1284 apud
1011 1194 1187 1264 Basilium
1202 1204 1238 1266 at
1255 1198 1385 1289 Grego-

206 1300 298 1368 rium
315 1302 349 1372 N
352 1292 576 1372 azianzenum
595 1303 762 1386 occurrit,
784 1301 923 1369 nomina
940 1301 1143 1371 divinarum
1159 1326 1383 1392 personarum

206 1408 350 1497 singula
373 1433 447 1480 esse
465 1412 629 1494 relativa,
655 1434 696 1479 ac
711 1409 856 1500 proinde
878 1409 1081 1498 significare
1105 1433 1272 1500 personas
1289 1414 1384 1503 ipsas

208 1519 246 1580 iu
262 1519 434 1585 relatione
454 1521 498 1588 ad
515 1519 624 1606 alias;
650 1525 832 1607 propterea
855 1539 960 1584 unam
984 1540 1165 1607 personam
1189 1519 1260 1588 rite
1281 1521 1388 1592 iutel-

207 1620 276 1711 ligi
299 1630 335 1692 et
359 1627 532 1694 nominari
556 1649 624 1693 uon
647 1648 761 1715 posse,
788 1629 875 1714 quin
897 1623 1003 1691 simul
1027 1625 1275 1715 concipiantur
1298 1636 1394 1695 tam-

207 1754 310 1823 quam
334 1736 525 1802 correlatae
548 1757 715 1826 personae
732 1733 835 1802 aliae.
864 1732 934 1816 Qui
958 1734 995 1800 in
1013 1732 1194 1804 Trinitate
1210 1739 1386 1825 Spiritum

189 1842 377 1938 ‘nominat
404 1843 521 1934 inquit
537 1842 756 1927 Ambrosius,
784 1841 873 1909 dicit
891 1840 1065 1930 Spiritum
1089 1841 1125 1909 in
1143 1842 1317 1912 relatione
1341 1846 1383 1913 ad

206 1948 328 2036 alium,
356 1952 458 2020 ouius
483 1957 537 2020 est
556 1954 713 2040 Spiritus
737 1972 798 2019 scu
823 1952 1000 2038 spirutus‚·
1023 1954 1077 2017 est
1100 1956 1215 2019 autem
1240 1952 1380 2021 docente

207 2058 395 2148 Scriptura
417 2059 613 2127 nouaclum
638 2058 796 2149 Spiritus
819 2057 957 2143 Patris,'
980 2061 1022 2124 ut
1038 2058 1142 2125 verba
1163 2058 1379 2148 significant,

208 2169 273 2258 qui
296 2192 318 2234 a
342 2168 451 2235 Putre
469 2166 628 2257 procedit
641 2193 654 2250 ;
678 2167 738 2235 sed
761 2164 877 2234 eodem
903 2164 1001 2232 modo
1025 2166 1180 2254 Spiritus
1203 2167 1316 2250 Filii,
1343 2172 1381 2236 ut

206 2274 244 2340 in
265 2275 352 2364 ipsis
369 2276 567 2366 Scripturis
590 2275 804 2365 appellatur.
830 2272 926 2361 Ergo
951 2272 1011 2363 qui
1036 2272 1125 2340 dicit
1148 2275 1324 2362 Spiritum
1346 2274 1381 2342 in

207 2380 399 2465 Trinitas,
426 2381 532 2450 simul
553 2382 799 2471 complectitur
815 2379 1027 2449 correlatum
1051 2387 1126 2448 tum
1142 2380 1283 2450 Patrem
1308 2390 1382 2451 tum

207 2487 352 2574 Filium,
380 2490 482 2557 ouius
498 2495 553 2558 est
568 2490 755 2580 utriusque
779 2488 924 2554 relative
947 2489 1104 2575 Spiritus
1127 2509 1189 2555 seu
1206 2491 1383 2576 spiratum

206 2617 319 2686 neque
346 2597 437 2665 enim
467 2598 539 2664 alia
569 2597 662 2665 inter
685 2597 826 2665 divinas
850 2616 1015 2685 personas
1045 2594 1152 2690 realis
1177 2595 1306 2664 relatio
1330 2606 1383 2668 est

206 2713 268 2771 aut
286 2704 423 2794 concipi
445 2712 562 2794 potest
585 2711 725 2794 praeter
741 2703 946 2771 relationem
963 2700 1128 2790 originis.
1152 2701 1249 2771 Haec
1266 2711 1383 2778 auten

206 2810 285 2901 ipsa
312 2834 384 2880 una
406 2814 506 2902 origo
530 2811 742 2902 exprimitur
767 2809 926 2878 omuibus
950 2808 1026 2875 illis
1055 2808 1293 2878 locutionibus
1318 2814 1383 2880 Pa·

206 2926 301 2987 trum
325 2944 367 2987 ex
392 2920 580 3011 Scriptura
603 2920 797 3003 derivatis,
830 2918 904 2985 sive
929 2917 1071 3000 dicant,
1103 2917 1278 3006 Spiritum
1305 2942 1384 3010 pro-

207 3027 326 3096 cedere
343 3052 364 3093 n
381 3029 489 3095 Patre
506 3041 538 3094 et
554 3028 648 3096 Filio
658 3053 672 3109 ‚·
696 3027 773 3094 sive
790 3050 812 3090 a
829 3026 937 3091 Patre
954 3045 1019 3111 per
1035 3023 1169 3089 Filium
1177 3050 1192 3106 ,·
1215 3024 1291 3094 sive
1308 3049 1383 3095 esse

207 3133 379 3223 Spiritum
392 3136 514 3202 Patris
531 3149 562 3200 et
575 3136 667 3202 Filii
675 3160 688 3216 ‚·
705 3133 784 3207 sive,
790 3157 856 3222 per
869 3132 1002 3199 Filium
1019 3130 1066 3197 ud
1079 3132 1220 3198 Patrem
1235 3133 1381 3220 referri.

273 3243 358 3311 Rem
377 3249 486 3311 totam
511 3243 626 3310 adhuc
651 3242 781 3309 clarius
798 3239 954 3329 explicat
969 3239 1177 3308 Ambrosius
1202 3240 1239 3307 iu
1255 3240 1381 3310 iisdem

205 3352 309 3422 libris
334 3353 375 3419 de
400 3352 539 3440 Spiritu
563 3353 702 3419 Sancto.
742 3348 900 3416 eOmnia
924 3347 1059 3435 accepit
1082 3369 1103 3413 a
1127 3348 1231 3416 Patre
1262 3348 1380 3418 Filius

206 3464 346 3551 (probat
369 3483 411 3528 ex
437 3459 564 3534 Matth.
591 3461 655 3528 ΧΙ.
680 3461 736 3545 27;
763 3455 1034 3540 10.XV1.15.).
1061 3456 1115 3521 Ec
1138 3479 1226 3547 puae
1249 3461 1381 3545 accepit

206 3574 279 3661 ipse
300 3595 363 3660 per
379 3572 549 3635 unitatem
564 3583 724 3650 ceturae,
750 3591 792 3634 en
810 3568 883 3653 ipso
904 3589 968 3653 per
984 3564 1122 3630 caudent
1138 3567 1310 3632 unitatem
1326 3591 1381 3633 ac-

205 3683 294 3767 cepit
318 3694 349 3745 et
372 3681 548 3767 Spiritus,
581 3679 676 3745 sicut
703 3678 777 3764 ipse
803 3673 973 3741 Dominus
997 3673 1097 3739 lesus
1121 3672 1300 3757 declarat,
1335 3675 1376 3742 de

201 3789 340 3874 Spiritu
356 3809 414 3850 suo
439 3787 576 3853 diceus:
603 3790 788 3874 propterea
804 3782 892 3866 dixi,
919 3784 961 3848 de
985 3804 1058 3848 meo
1082 3782 1231 3871 accipiet
1255 3796 1291 3850 et
1315 3806 1373 3850 au·

202 3893 384 3960 nuntiabit
408 3894 520 3960 vobis.
541 3892 640 3974 Quod
659 3914 742 3980 ergo
767 3890 927 3980 loquitur
953 3887 1111 3976 Spiritus
1136 3891 1336 3976 (nonenim
1360 3915 1380 3960 u

202 4024 238 4068 sc
254 4000 444 4091 loquetur),
470 4001 565 4068 Filii
581 4013 630 4064 est
648 3999 953 4086 (communicatum
971 4019 992 4062 a
1007 3995 1135 4085 Filio);
1163 3997 1255 4087 quod
1280 3998 1377 4066 dedit

199 4109 329 4192 Filius,
355 4112 478 4178 Putris
503 4124 552 4175 est
576 4109 881 4196 (communicatum
906 4128 926 4172 u
948 4105 1089 4190 Patre):
1116 4108 1169 4170 ite
1193 4106 1289 4171 uiuit
1309 4131 1379 4173 ase

199 4232 261 4285 out
286 4217 402 4284 Filius
427 4217 584 4307 loquitur
607 4230 668 4280 out
693 4217 848 4303 Spiritus
872 4213 946 4302 (sed
970 4211 1086 4279 Filius
1110 4233 1131 4278 a
1154 4212 1227 4279 solo
1251 4212 1369 4296 Patre,

198 4326 356 4419 Spiritus
381 4324 524 4393 aPatre
548 4331 584 4393 et
606 4323 728 4408 Filio),
756 4325 838 4414 quia
862 4320 956 4389 nihil
979 4329 1082 4389 extra
1098 4341 1133 4389 se
1150 4319 1312 4390 Trinitas
1325 4320 1375 4391 lo·
