3120 4988
682 237 721 253 -
739 206 803 270 278
821 238 860 254 -

255 315 309 384 Ex
333 315 439 385 dictis
462 317 532 385 iam
555 325 710 406 apparet,
729 342 796 385 non
813 318 922 386 selum
940 317 999 405 agi
1016 316 1056 384 de
1076 316 1301 384 «traditione
1318 318 1353 382 in

192 428 364 509 orientes
390 436 426 494 et
451 427 519 495 ude
542 428 701 495 doctrina
737 426 930 495 universali
952 449 1054 514 penes
1080 426 1272 508 Graecum
1300 425 1358 493 sed

191 520 330 603 omnino
364 537 616 624 agnoscendam
652 560 725 604 esse
752 557 993 604 acommunem
1019 534 1197 601 Ecclesiae
1232 532 1361 601 doctri·

192 666 312 727 nam,n
344 644 562 712 edoctrinam
586 643 657 712 late
675 645 866 711 diffusam»
884 665 952 710 non
976 642 1090 708 minus
1114 643 1153 706 in
1176 639 1362 723 occidente,

192 751 394 843 acstenique
415 739 635 820 edoctrinam
661 776 846 843 numquam
863 752 899 819 in
917 751 1061 818 dubium
1080 760 1237 818 vocatam
1257 751 1365 815 totins

191 865 313 928 ceteris
330 861 518 930 Ecclesiae.
536 890 552 925 r
570 864 798 931 consulamus
815 871 942 945 tamen,
962 862 1139 950 Langenio
1157 871 1363 951 praeeunte,

193 969 397 1039 distinctius
410 973 511 1040 fidem
524 995 564 1039 ac
578 972 836 1060 professionem
853 968 1120 1039 occidentalium
1133 992 1141 1055 ;
1157 976 1274 1035 amoto
1293 969 1365 1036 uti·

192 1100 258 1168 que
275 1078 456 1167 figmento,
477 1081 566 1172 quod
583 1090 705 1149 auctor
722 1079 869 1162 inducit,
889 1079 948 1146 ubi
967 1077 1200 1146 universalem
1219 1101 1365 1146 consen-

191 1189 321 1258 sionem
345 1192 530 1259 obscurare
554 1190 694 1273 nititur,
715 1214 754 1259 ac
772 1189 802 1257 s'i
826 1188 924 1256 aliud
949 1189 1016 1255 sibi
1033 1188 1232 1256 voluissent
1249 1190 1362 1278 orien-

191 1297 301 1383 tales,
323 1298 404 1366 dum
422 1298 590 1367 docebant
614 1297 786 1387 Spiritum
805 1298 970 1364 Sanctum
991 1321 1014 1363 u
1029 1297 1137 1364 Patre
1146 1321 1212 1385 per
1229 1299 1365 1364 Filium

189 1405 379 1494 procedere,
405 1409 611 1496 acciperem
635 1409 756 1474 tatere
779 1407 956 1473 essentiam
980 1408 1068 1471 sicut
1092 1429 1113 1470 a
1136 1407 1247 1473 Patre
1271 1410 1327 1473 ito
1344 1432 1372 1475 u-

191 1517 301 1598 Filio,
319 1538 358 1584 ac
375 1517 518 1605 proinde
535 1540 601 1582 esee
617 1541 659 1582 ec
676 1517 782 1584 Patre
799 1531 831 1582 et
849 1516 964 1596 Filio,
983 1513 1080 1580 aliud
1097 1536 1180 1581 vero
1200 1515 1363 1582 occiden-

190 1622 281 1692 tales
294 1623 547 1712 expressissent
561 1624 755 1712 profitendo
766 1625 1011 1712 processionem
1024 1645 1045 1686 a
1057 1621 1166 1687 Patre
1182 1620 1364 1712 Filioque.

257 1731 293 1798 2ο
316 1729 390 1800 lam
416 1754 506 1800 anno
533 1733 601 1800 400
623 1732 816 1800 Concilium
839 1734 869 1800 I.
897 1733 1105 1800 Toletanum
1140 1731 1297 1799 fortasse
1329 1732 1367 1798 in

193 1839 387 1928 symbolum
420 1840 502 1908 fidei
536 1845 691 1931 suscepit
726 1840 919 1909 doctrinam
956 1837 1185 1928 processionis
1210 1861 1233 1903 a
1256 1839 1364 1904 Putre

195 1948 381 2038 Filioque,
406 1948 599 2040 habuitque
622 1971 696 2017 eam
723 1964 796 2015 sut
818 1948 1035 2037 symbolicam
1066 1945 1293 2012 traditionem
1317 1948 1361 2033 fi

194 2054 278 2122 dein
297 2056 360 2143 (1),
379 2057 518 2126 saeculo
534 2057 579 2127 V.
596 2058 766 2127 Paulinus
789 2057 946 2127 Nolanus
977 2079 1052 2124 eam
1082 2055 1362 2145 assumpsitunt

124 2182 125 2185 ’
189 2164 382 2252 formulam
389 2188 454 2252 per
466 2189 499 2232 sc
514 2166 737 2254 manifestam
753 2166 788 2234 in
803 2165 962 2234 doctrina
974 2163 1015 2232 de
1025 2162 1359 2250 sabrinianum,

193 2273 355 2342 Pontifex
378 2275 447 2343 Leo
469 2275 500 2342 Ι.
526 2297 600 2342 eam
624 2276 785 2366 proponit
815 2274 915 2346 velut
940 2273 1161 2342 «formulam
1192 2272 1361 2362 symboli·

195 2404 299 2450 eamr
325 2380 387 2470 (3);
413 2384 585 2476 sequendo
616 2384 809 2453 doctrinam
832 2383 1015 2451 Pontificis
1038 2381 1234 2451 Concilium
1259 2380 1360 2448 Tole-

195 2494 316 2557 tanum
339 2490 389 2558 II.
415 2514 488 2560 eam
511 2474 610 2582 ponit
625 2493 682 2562 vel
705 2492 833 2582 repetit
857 2491 893 2559 in
917 2489 1073 2580 symbolo
1096 2489 1178 2557 fidei
1194 2490 1257 2578 (4).
1277 2490 1363 2558 Post

195 2600 344 2668 medium
369 2602 544 2671 saeculum
566 2603 610 2673 V.
630 2604 667 2670 in
691 2602 846 2693 symbolo
862 2601 1105 2670 Athanasiano
1120 2599 1293 2688 professio
1309 2622 1364 2667 ea·

194 2710 270 2778 dem
296 2713 438 2780 reforma
455 2713 683 2782 strictissima
705 2713 914 2804 proponitur
930 2727 969 2778 nt
985 2711 1220 2777 indictitatnm
1238 2710 1363 2802 doymo

91 2878 95 2889 .
187 2815 275 2907 fidet
288 2846 304 2882 n
331 2821 393 2908 (5).
418 2821 501 2890 Pari
525 2823 622 2926 modo
646 2845 719 2892 eam
747 2823 851 2889 habet
874 2821 968 2894 inter
982 2819 1064 2888 fidei
1089 2819 1254 2907 dogmata
1271 2818 1364 2888 Gen·

197 3002 233 3054 sd
251 3003 373 3071 Filium,
398 3004 446 3057 sed
467 3003 527 3058 eius
547 3004 695 3058 dumtaxat
713 3002 1045 3057 consubstantialitatem
1064 3016 1124 3054 cum
1142 3000 1220 3053 Filio
1239 3000 1270 3051 in
1291 2999 1366 3054 Scri-

196 3092 292 3157 ptnris
312 3097 343 3145 et
361 3092 518 3145 traditione
537 3093 603 3146 fidei
622 3093 739 3148 doceri?
757 3094 803 3146 Ibi
822 3091 1131 3157 nomeniuScripturis
1147 3090 1296 3156 proprium
1310 3086 1367 3142 ter-

196 3182 255 3235 tiae
274 3198 411 3249 personae
429 3184 550 3248 Spiritus
568 3185 643 3236 Filii
661 3187 870 3251 interpretatur
883 3183 916 3235 de
931 3181 1072 3233 essentiali
1095 3179 1300 3232 coniunctione
1320 3195 1368 3233 seu

196 3273 308 3326 unitate
322 3289 381 3327 cum
394 3274 470 3327 uilio
486 3271 820 3348 (Wesensverbindung),
842 3288 916 3327 nunc
937 3271 1075 3325 antemio
1098 3271 1158 3323 loco
1173 3269 1207 3322 de
1227 3285 1282 3337 quo
1299 3271 1369 3336 ugi-

197 3379 267 3432 mus,
288 3364 402 3417 tandem
420 3365 527 3418 fatetur
546 3381 606 3419 eam
625 3367 846 3434 appellationem
869 3378 979 3430 semper
997 3362 1173 3414 intellectam
1198 3364 1229 3414 et
1254 3361 1367 3412 intelli·

196 3454 316 3519 gandam
336 3471 397 3508 esse
417 3456 450 3506 de
468 3455 633 3508 immorante
650 3457 787 3508 relatione
807 3454 844 3506 act
861 3454 969 3505 Filiam
988 3449 1279 3527 (Wesensbeziebupg
1305 3464 1367 3501 num

196 3543 311 3615 sonna).
327 3546 430 3615 Nempe
441 3548 540 3600 eontra
553 3547 705 3601 veritatem
715 3550 816 3600 causae
831 3544 971 3613 pessimae
991 3558 1047 3597 nou
1058 3543 1158 3596 bonum
1172 3541 1366 3610 patrocinium

197 3636 275 3689 cordi
292 3641 346 3691 est.

268 3725 310 3799 (1)
328 3728 403 3782 ibid.
423 3747 452 3797 p.
467 3729 511 3782 63.
526 3729 571 3783 76.
594 3729 815 3796 asymbolische
834 3724 1230 3790 Glaubeneiiberliefernng.e

268 3817 310 3890 (2)
328 3819 403 3874 Ibid.
424 3837 453 3889 p.
468 3822 511 3875 77.

268 3909 310 3982 (3)
328 3911 404 3965 Ibid.
424 3929 452 3980 p.
468 3913 513 3968 77.

269 3997 311 4073 (4)
329 4003 404 4057 ibid.
424 4020 452 4070 p.
468 4004 511 4056 78.

266 4088 307 4163 (ὅ)
327 4093 400 4146 Ibid.
421 4110 450 4160 p.
466 4094 509 4146 78.
526 4092 586 4149 125.
607 4091 687 4157 ouon
705 4091 822 4158 Langen
842 4091 934 4144 solnm
955 4085 1107 4154 concludit,
1129 4103 1162 4140 ex
1179 4088 1232 4140 hac
1249 4087 1365 4142 «forma

197 4181 408 4236 strictissima»
435 4200 572 4251 apparere
592 4185 750 4238 doctrinam
776 4186 842 4250 post
860 4181 980 4233 medium
1000 4180 1142 4232 saeculum
1160 4179 1195 4232 V.
1225 4178 1315 4231 fuisse
1334 4180 1364 4229 in

196 4270 340 4324 occidente
355 4274 452 4325 «satis
465 4273 670 4327 universaliter
683 4277 839 4341 susceptam
853 4292 865 4319 n
880 4266 1026 4345 (ziemlich
1046 4267 1199 4332 allgemcin
1214 4282 1363 4332 angenom·

195 4358 290 4437 sineru),¹
301 4362 505 4430 tergiversatio
520 4365 707 4429 esthominis
720 4364 899 4429 subterfugia
919 4363 1097 4431 quaerentis.
1116 4359 1174 4415 Sub
1188 4359 1360 4415 necessitate
1379 4433 1382 4441 Ι
