3120 4988
679 303 717 317 -
741 269 798 333 luo
818 303 855 317 -

189 377 312 447 horum
337 375 602 446 accidentalium
626 374 716 442 nihil
734 379 799 463 est;
818 376 968 462 adeoque
984 384 1057 450 tres
1079 403 1246 472 personae
1262 401 1359 452 unus

189 489 343 559 Deus-et
367 485 463 553 nullo
488 487 583 554 modo
607 493 678 553 tres
701 486 762 554 Dii
786 487 950 556 dicendae
975 499 1070 575 sunt,
1096 492 1181 584 quia
1204 515 1278 560 una
1293 515 1359 559 nu-

190 619 282 664 mero
313 595 427 662 deitas
450 595 492 660 ab
518 616 585 661 uua
610 616 756 683 persona
788 597 1066 667 communicatur
1098 601 1233 669 duabus
1257 598 1374 684 altiss

150 689 153 696 ¹
191 703 307 771 Verbo
330 702 373 768 ed
398 722 485 791 quae
508 701 682 768 Macarius
707 701 872 790 appellat,
891 702 975 772 hoec
999 713 1094 773 sunt.
1115 707 1221 774 «Non
1239 726 1359 774 omnes

165 821 167 824 ’
191 811 360 877 humanae
384 831 547 897 personae
571 831 645 876 esse
670 809 799 876 hebent
817 814 974 897 proxime
996 817 1105 899 (κατα
1122 839 1161 882 το
1179 815 1359 906 προσεχες)

190 919 233 984 ab
258 938 327 984 una
352 940 517 1006 persone,
544 915 716 984 seduliae
741 918 878 1007 quidem
902 920 945 986 ab
968 919 1056 1005 hac,
1082 921 1172 989 aliae
1197 923 1240 987 sb
1266 919 1355 1003 illa,

190 1025 242 1092 ita
267 1033 305 1092 ut
329 1024 458 1092 multae
482 1025 555 1092 sint
578 1034 613 1091 et
636 1024 838 1094 differentes
861 1049 926 1092 non
952 1026 1063 1095 solum
1094 1028 1176 1096 illue
1200 1050 1290 1117 quae
1313 1028 1357 1095 ob

190 1131 272 1201 eliis
297 1141 337 1199 ut
360 1152 527 1213 accusa,
562 1131 621 1198 sed
646 1130 749 1198 etiarn
775 1154 862 1224 quae
886 1155 993 1201 causo
1016 1140 1100 1203 sunt
1122 1135 1288 1202 aliarum.
1313 1133 1357 1202 In

191 1242 318 1312 Sancta
343 1239 519 1307 Trinitate
543 1261 624 1305 vero
649 1262 715 1306 oon
738 1240 790 1308 ita
813 1263 869 1308 res
892 1240 1007 1310 habet.
1027 1242 1104 1310 Una
1126 1244 1218 1311 enim
1241 1250 1279 1312 et
1301 1240 1372 1311 eo·'

191 1348 264 1414 dem
287 1363 435 1433 'persone
458 1343 576 1412 Patris
599 1350 665 1428 est,
690 1368 732 1412 ex
757 1369 826 1435 quo
848 1346 965 1414 Filius
981 1357 1170 1436 generatur
1185 1354 1222 1416 et
1239 1369 1358 1436 prooe-

191 1454 246 1522 dit
270 1453 425 1541 Spiritus
449 1451 610 1519 Sanctus.
637 1451 824 1542 Propterea
847 1454 951 1522 etiam
976 1455 1112 1544 proprie
1129 1453 1230 1522 illum
1249 1478 1364 1532 unum¹

192 1563 249 1653 q'ui
276 1583 381 1629 causa
404 1569 457 1626 est
473 1558 729 1649 procedentium
747 1563 790 1628 ab
807 1562 882 1651 ipso
899 1573 940 1630 ut
956 1586 977 1629 a
993 1586 1110 1647 causa,
1126 1587 1233 1630 unum
1248 1564 1358 1631 Deum

192 1669 352 1753 dicimus,
371 1691 444 1736 cum
471 1668 575 1734 etiam
601 1667 688 1757 ipsis
711 1669 895 1737 inexistat.
912 1696 928 1731 n
954 1670 994 1738 In
1011 1677 1087 1738 tota
1102 1670 1167 1740 heo
1184 1694 1359 1760 compara·

192 1778 286 1846 tione
311 1776 464 1864 plurium
490 1797 713 1861 personarum
739 1776 967 1844 humanarum
981 1800 1067 1868 quae
1084 1778 1177 1845 inter
1194 1801 1229 1846 se
1243 1779 1358 1849 diver·

193 1908 249 1955 sae
272 1906 340 1952 nun
363 1906 404 1951 ex
430 1905 498 1951 uno
523 1883 581 1950 sed
606 1906 647 1950 ex
674 1883 834 1972 pluribus
858 1894 941 1962 suut
966 1886 1163 1975 principiis,
1182 1909 1260 1954 oum
1286 1909 1373 1977 per·-

193 1995 287 2064 sonis
311 1989 445 2060 divinis
469 2015 557 2082 quae
580 1992 770 2061 distinctae
794 1993 852 2060 sed
877 2016 942 2060 non
969 1975 1128 2062 diversae
1152 1995 1245 2062 inter
1264 2018 1300 2063 se
1318 1996 1360 2063 ub

191 2125 260 2171 uno
284 2110 367 2177 suot
392 2100 577 2189 principio,
605 2101 711 2168 verba
736 2099 771 2167 in
796 2099 921 2190 quibus
945 2100 1120 2169 Macarius
1139 2103 1230 2169 vidit
1250 2088 1381 2170 diser-⁸

194 2223 264 2276 tum
287 2212 502 2298 nepoeionem
527 2209 754 2298 processionis
778 2208 934 2296 Spiritus
957 2211 1061 2278 etiam
1086 2231 1125 2276 ex
1149 2208 1263 2293 Filio,
1291 2233 1359 2279 uon

193 2327 340 2410 possunt
370 2339 444 2384 esse
474 2317 546 2385 alia
570 2317 637 2382 nisi
660 2316 737 2384 illa:
769 2339 865 2384 urina
888 2318 978 2386 enim
1010 2318 1184 2384 eteoclem
1214 2340 1379 2408 personu

193 2427 312 2498 Patris
342 2433 410 2508 cst,
445 2448 486 2492 ex
511 2447 580 2515 que
602 2424 719 2492 Filius
751 2437 940 2513 generatur
964 2435 999 2492 et
1022 2426 1179 2515 procedit
1202 2426 1384 2515 Spiritus

194 2536 355 2609 Sanctus.
373 2535 457 2613 nAt
474 2533 557 2602 haec
574 2535 704 2600 veritas
723 2532 781 2602 ‘est
797 2533 981 2618 catholica,
1002 2557 1101 2625 quam
1120 2534 1180 2625 qui
1198 2542 1357 2626 negaret,
1376 2623 1378 2625 Ι

183 2642 389 2714 necessario
413 2641 582 2710 incideret
597 2641 632 2707 in
651 2639 887 2730 dytheismum
905 2642 961 2711 vel
978 2642 1227 2712 tritheismum.
1240 2644 1361 2734 Neque

195 2756 284 2824 euim
311 2754 399 2821 duae
424 2750 480 2818 vel
498 2760 570 2818 tres
588 2772 752 2840 personae
769 2751 921 2834 divinae,
938 2775 1084 2842 quarum
1104 2752 1231 2852 unsuab
1246 2752 1361 2821 alteru
1379 2756 1381 2758 ’

194 2887 262 2934 non
287 2862 485 2952 procederet
510 2883 568 2948 per
592 2859 932 2928 communicationem
957 2860 1063 2948 unius
1093 2883 1236 2927 nunrero
1260 2870 1360 2929 natu-

194 2953 266 3054 rae,
293 2970 427 3059 concipi
455 2978 604 3056 possent,
631 2970 715 3060 quin
741 2968 845 3037 simul
870 2991 946 3037 oum
971 2968 1126 3057 personis
1150 2968 1244 3037 inter
1260 2990 1386 3063 sese·⁴

196 3065 331 3173 paretis
365 3079 513 3146 absurde
534 3079 812 3166 vconciperentur
848 3078 990 3145 totidem
1025 3077 1165 3145 divinae
1198 3067 1386 3148 natureess'

188 3188 278 3258 =Ideo
304 3210 369 3254 uon
393 3186 503 3254 solum
528 3185 803 3275 Gregoriussed
827 3186 951 3253 Patres
976 3184 1131 3276 plerique
1147 3185 1359 3280 adusseren·
1383 3245 1385 3248 ,

197 3300 275 3365 dam
298 3295 478 3362 unitatem
511 3295 575 3361 Dei
604 3302 674 3361 tam
710 3293 862 3363 sollicite
897 3294 1069 3362 insistunt
1098 3320 1142 3384 τῃ
1168 3282 1384 3388 poroppuoos

199 3428 304 3474 unum
329 3427 447 3493 nempe
471 3425 543 3472 csse
568 3403 776 3492 principium
800 3390 961 3486 Patrem,
988 3425 1028 3470 ex
1053 3424 1120 3491 quo
1145 3388 1359 3491 processione

198 3516 400 3580 immanente
423 3535 483 3602 per
506 3512 847 3589 communicationem
872 3511 978 3579 unius
1002 3510 1146 3579 deitatis
1172 3509 1360 3604 procedunt

198 3623 316 3693 Filius
329 3632 364 3693 et
376 3621 530 3711 Spiritus
544 3620 705 3690 Sanctus·
715 3621 808 3688 Haeo
821 3622 938 3685 unitus
952 3620 1123 3707 principii
1131 3619 1167 3705 (ἡ
1181 3619 1361 3711 μοναρχια)

200 3733 329 3802 sufficit
352 3731 395 3798 ad
421 3730 638 3798 asserendam
662 3732 830 3795 ueritatem
847 3728 989 3794 deitatis
1005 3729 1041 3796 in
1057 3729 1173 3795 tribus
1192 3730 1359 3815 personis,

199 3865 260 3910 nec
284 3841 327 3907 ad
353 3841 444 3908 huno
468 3863 606 3928 scopum
631 3860 766 3907 necesse
790 3844 844 3904 est
866 3836 1031 3924 explicite
1047 3835 1283 3904 differentiam
1310 3837 1366 3928 de·

194 3950 346 4033 clarere,
374 3947 535 4041 quomodo
559 3947 708 4014 secunda
733 3954 768 4015 et
792 3944 954 4037 qeoomodo
978 3945 1086 4012 tertia
1117 3965 1264 4032 persona
1288 3967 1369 4034 pro·

201 4059 345 4128 cedato
371 4059 501 4145 prima,
540 4057 699 4146 quamvis
729 4056 764 4124 id
790 4054 959 4144 implicite
984 4055 1049 4120 iarn
1083 4053 1306 4120 contineatur
1330 4056 1377 4120 in

200 4163 395 4251 necessario
411 4164 606 4253 ontologico
623 4162 742 4229 ordine
754 4185 976 4254 personarum
992 4162 1085 4249 (vide
1097 4160 1163 4227 Th.
1175 4159 1374 4247 XXXIII).

195 4274 293 4342 vHinc
317 4271 486 4362 Gregorio
501 4275 669 4341 adversus
686 4271 1022 4360 gentilesasserenti
1036 4271 1203 4337 unitatem
1221 4269 1392 4337 deitatis

202 4382 239 4452 iu
263 4381 444 4457 distinctis
459 4381 616 4472 personis
631 4380 763 4450 divinis
779 4402 921 4470 eumque
938 4379 1108 4447 unitatem
1125 4377 1228 4468 longe
1243 4377 1352 4445 eliam
1365 4416 1391 4454 ,
