3120 4988
789 365 827 378 -
848 335 887 394 52
908 366 946 379 ..

282 442 477 511 Evidenter
500 439 592 507 enim
616 439 840 527 significatur
864 440 959 508 sicut
982 440 1019 507 in
1037 462 1107 508 una
1122 462 1270 530 persona
1290 445 1461 533 acceptio,

283 551 335 617 ita
357 547 396 614 in
420 547 536 614 altera
571 547 861 631 communicatio,
887 552 993 637 atque
1017 546 1102 614 adeo
1126 549 1253 614 relatio
1278 549 1324 615 cd
1348 554 1462 620 intra.

282 657 337 724 Ex
362 657 427 721 hac
444 661 560 721 autem
584 653 896 721 communicatione
914 653 1036 744 utique
1052 655 1281 744 consequitur
1304 656 1401 724 sicut
1416 659 1464 729 ad

284 766 380 831 intra
404 759 777 847 consubstantialitas,
809 760 861 828 ita
891 760 936 828 ad
965 770 1066 828 extra
1098 761 1217 831 unitas
1249 765 1466 854 operationis

287 870 440 961 adeoque
464 869 570 938 etiam
595 867 788 935 doctrinae.

351 979 390 1047 Si
415 999 518 1066 porro
542 976 747 1062 figmentum
770 973 1011 1043 Macarianum
1042 975 1228 1044 catholicis
1251 976 1289 1043 in
1313 982 1465 1047 mentem

286 1085 406 1152 venire
430 1083 615 1173 potuisset,
635 1103 816 1170 personam
839 1103 943 1149 unam
959 1081 1028 1150 iam
1049 1083 1230 1173 supposita
1245 1085 1466 1174 processione

284 1200 321 1261 et
344 1189 589 1273 subsistentia,
613 1189 727 1256 adhuc
750 1189 871 1280 aliqua
896 1190 1110 1278 perfectione
1127 1213 1157 1258 e.
1176 1215 1212 1279 g.
1230 1191 1381 1260 scientia
1404 1192 1468 1260 de-

285 1303 461 1382 stitutam,
481 1299 570 1367 banc
595 1297 778 1367 scientiam
802 1297 1020 1387 postliminio
1039 1299 1197 1388 accipere
1221 1301 1265 1368 ab
1287 1302 1362 1369 alia
1385 1323 1467 1391 per·

287 1430 391 1494 sona,
417 1408 574 1496 profecto
603 1429 645 1473 ax
681 1428 740 1488 eo,
768 1406 858 1496 qnod
890 1405 1048 1495 Spiritus
1080 1405 1232 1476 Sanctus
1267 1409 1467 1478 subsistens

285 1515 460 1603 acciperet
484 1512 669 1580 scientiam
686 1533 707 1578 a
722 1512 830 1595 Filio,
849 1535 918 1580 non
941 1513 1140 1601 potuissent
1163 1516 1310 1602 probare
1326 1538 1468 1605 proces-
1510 1581 1513 1587 .

286 1624 416 1690 sionem
441 1621 596 1689 eiusdem
621 1620 778 1708 Spiritus
795 1642 816 1685 a
830 1619 937 1687 Filio.
958 1620 1026 1687 Sed
1043 1644 1100 1688 res
1116 1628 1153 1688 et
1168 1621 1206 1687 in
1221 1644 1259 1689 se
1276 1623 1355 1712 ipsa
1370 1630 1406 1692 et
1421 1647 1466 1693 ex
1504 1690 1518 1713 ,

286 1727 577 1797 disertaPatrum
604 1726 836 1815 explicatione
865 1726 1063 1793 clarissima
1079 1732 1144 1795 est.
1172 1729 1470 1798 PaterdocetFi-

285 1837 374 1904 lium
391 1836 588 1924 generando
605 1836 806 1924 sapientem,
826 1834 861 1901 h.
878 1858 908 1901 e.
924 1836 1148 1922 generatione
1180 1837 1469 1907 communicando

284 1944 379 2011 Filio
404 1943 590 2011 essentiam
607 1945 672 2009 sub
698 1941 839 2010 formali
861 1943 965 2009 etiam
992 1942 1129 2010 ratione
1147 1943 1313 2012 infinitae
1329 1945 1467 2034 sapien-

285 2052 377 2138 tiae,
403 2051 493 2118 hanc
517 2073 601 2138 ergo
625 2049 756 2138 accipit
778 2048 896 2116 Filius
913 2071 934 2114 a
950 2050 1056 2116 Patre
1078 2052 1262 2119 nascendo.
1281 2051 1341 2119 Ita
1356 2052 1467 2120 etiam

285 2160 393 2226 Pater
416 2167 451 2225 at
472 2158 590 2225 Filius
614 2157 754 2246 spirant
778 2156 951 2245 Spiritum
976 2158 1140 2226 veritatis
1164 2158 1356 2248 sapientem
1374 2181 1465 2227 com-

290 2264 499 2333 municando
523 2265 721 2346 essentiam,
742 2285 830 2354 quae
852 2270 906 2331 est
929 2263 1078 2352 ipsamet
1102 2264 1243 2332 infinita
1266 2266 1401 2334 veritas
1429 2274 1468 2334 et

288 2371 474 2460 sapientia,
502 2373 591 2439 hanc
615 2371 732 2460 igitur
755 2393 776 2436 a
799 2371 906 2439 Patre
929 2370 1070 2439 etFilio
1086 2371 1217 2461 accipit
1232 2373 1465 2443 aeternaliter

290 2481 503 2572 procedendo
527 2479 624 2566 (vide
649 2480 715 2545 Th.
734 2479 903 2564 XXXII).

355 2588 486 2655 Caveat
509 2586 624 2674 igitur
647 2586 823 2654 Macarius
847 2585 1164 2681 bominibussanae
1187 2588 1315 2656 mentis
1339 2610 1465 2678 propo-

287 2722 370 2767 nere
394 2721 496 2765 suum
520 2697 617 2764 istud
641 2694 822 2763 dilemma:
849 2693 1022 2782 Spiritum
1051 2694 1209 2783 accipere
1234 2695 1419 2763 scientiam
1444 2717 1467 2762 a

288 2807 382 2875 Filio
407 2806 464 2873 vel
489 2803 683 2891 significat,
710 2801 955 2868 subsistentem
979 2802 1016 2869 in
1041 2801 1247 2891 ignorantia
1270 2802 1428 2891 accipere
1446 2829 1469 2872 a

288 2914 383 2982 Filio
403 2911 599 2994 scientiam,
615 2910 671 2978 vel
688 2909 869 2995 significat
885 2909 1094 2996 simpliciter
1108 2905 1249 2977 ¹tradere
1266 2910 1469 2980 hominibus

288 3020 485 3089 doctrinam
507 3017 609 3105 Filii.
636 3017 708 3085 Nec
731 3016 822 3083 enim
847 3016 999 3105 primum
1016 3016 1253 3104 significatur,
1273 3018 1358 3108 qnia
1373 3016 1411 3085 in
1431 3042 1470 3087 se

291 3128 480 3196 absurdum
505 3132 570 3208 est,
589 3147 652 3192 nac
677 3125 839 3207 alterum,
860 3124 943 3214 quia
960 3124 1077 3192 verbis
1094 3125 1182 3212 ipsis
1198 3130 1385 3213 repugnat5
1405 3127 1469 3195 sed

291 3232 471 3323 significat
494 3229 805 3299 communicatione
822 3230 964 3299 divinae
982 3230 1152 3297 scientiae
1169 3252 1255 3321 quae
1271 3236 1326 3298 ast
1342 3230 1469 3301 divina
1519 3264 1523 3269 ·

290 3341 455 3424 essentia,
482 3339 654 3427 Spiritum
678 3337 906 3405 aeternaliter
929 3337 1112 3426 procedere
1134 3361 1156 3405 a
1178 3337 1285 3406 Filio.

358 3447 574 3536 Simpliciter
597 3447 639 3513 de
662 3446 879 3534 processione
895 3468 916 3511 a
930 3446 1026 3513 Filio
1045 3446 1137 3514 illud
1161 3446 1285 3512 damac
1303 3449 1467 3536 accipiet,

290 3560 549 3644 interpretatur
573 3558 713 3641 praeter
735 3553 823 3619 alios
839 3551 1062 3642 Epiphanius
1086 3554 1123 3620 in
1147 3554 1265 3622 eadem
1286 3556 1469 3643 significa-

291 3665 398 3746 tione,
424 3686 493 3754 qua
518 3661 674 3750 Spiritus
698 3660 748 3726 Io.
767 3660 848 3728 XV.
863 3660 920 3727 26.
939 3661 1072 3729 dicitur
1093 3661 1273 3749 procedere
1296 3686 1319 3727 c
1342 3662 1467 3748 Patre,
1529 3735 1535 3742 ,

292 3772 345 3837 ita
368 3776 430 3852 ut,
460 3769 745 3860 quemadmodum
768 3768 886 3834 Filius
909 3774 964 3835 est
987 3791 1029 3836 ex
1054 3768 1183 3853 Patre,
1208 3770 1303 3839 Deus
1328 3768 1369 3837 de
1393 3772 1468 3840 Deo

291 3877 510 3967 processione
534 3877 724 3944 secundum
749 3877 996 3959 substantiam,
1012 3898 1120 3965 aeque
1134 3876 1292 3966 Spiritus
1317 3875 1470 3947 Sanctus

293 3986 342 4052 sit
365 4006 408 4050 ex
430 3984 546 4066 Filio,
574 3989 610 4050 et
633 3982 777 4070 proinde
802 4005 843 4048 ex
867 3984 974 4050 Patre
998 3989 1033 4050 et
1056 3983 1150 4049 Filio
1174 3982 1394 4071 processione
1417 4007 1471 4052 se-

292 4091 443 4159 cundum
468 4089 715 4158 substantiam.
736 4115 752 4150 c
768 4087 807 4154 Si
824 4088 986 4157 Christus
1003 4089 1160 4157 creditur
1177 4111 1220 4156 ax
1235 4089 1354 4172 Patre,
1373 4090 1469 4157 Deus

293 4199 334 4266 de
358 4199 442 4281 Deo,
469 4199 573 4262 etiam
596 4197 752 4286 Spiritus
777 4200 846 4283 (est
869 4195 924 4265 vel
950 4195 1144 4264 credendus
1168 4200 1237 4283 est)
1253 4219 1295 4263 ec
1312 4195 1466 4279 Christo,

293 4328 351 4371 acu
375 4304 418 4369 ab
442 4304 618 4386 ambobus,
644 4304 928 4394 quemadmodum
959 4302 1122 4371 Christus
1156 4310 1331 4373 testatur:
1358 4290 1422 4396 qul
1445 4330 1467 4372 o

295 4415 401 4481 Patre
420 4409 577 4501 procedit
584 4436 599 4494 ,·
613 4415 668 4478 et:
686 4413 759 4498 ipae
775 4409 816 4475 de
830 4432 899 4475 meo
913 4411 1079 4497 accipiet»
1096 4410 1273 4501 Epiphan.
1291 4411 1462 4481 Ancorat.
