3120 4988
205 399 313 469 noque
348 378 501 448 dicemus
535 377 721 470 genuinam
756 379 939 450 lectionem
973 403 1047 450 esse
1081 382 1299 472 repetendam
1325 405 1368 451 ex

205 485 407 553 collectione
431 508 598 555 canonum
621 485 852 556 cresconiana
871 486 972 572 (vide
987 487 1176 556 Baronium
1193 479 1274 558 anu.
1289 489 1366 558 867.

203 616 237 660 n.
254 594 325 681 68).
345 595 402 682 „At
428 595 559 663 «fraus
581 595 818 664 Latinorum»
854 619 923 663 non
958 586 1153 685 reperietur
1182 598 1252 666 nisi
1283 597 1368 668 haec

201 699 337 791 ingens,
365 702 456 793 quod
478 701 647 792 professio
671 702 753 770 fidei
776 711 868 771 certe
892 702 1050 794 antiqua,
1077 726 1145 771 non
1168 709 1283 773 tamen
1300 707 1373 773 Da·
1443 749 1447 763 ι

203 807 289 874 masi
322 809 423 877 cuius
455 809 591 877 nomine
625 808 857 895 inscribitur,
895 810 1033 879 saeculo
1055 810 1134 880 XV.
1168 812 1372 881 censebatur

201 914 315 983 adhuc
338 915 445 984 huius
468 939 543 985 esse
566 916 760 1003 Pontificis,
779 917 840 1008 qui
863 918 1003 986 tandem
1019 940 1117 986 error
1133 925 1188 988 est
1202 920 1368 988 nominis.

201 1020 238 1088 In
251 1044 294 1089 ea
309 1045 390 1091 vero
402 1023 455 1090 ita
472 1023 632 1093 habetur.
653 1023 918 1094 «Credimus...
932 1025 1105 1115 Spiritum
1120 1026 1287 1096 Sanctum
1300 1051 1369 1097 uon

199 1128 360 1218 genitum
385 1152 494 1221 noque
518 1131 725 1221 ingenitum,
751 1154 818 1200 uon
843 1140 996 1201 creatum
1013 1154 1123 1224 neque
1147 1135 1292 1217 factum,
1314 1133 1371 1202 sed

198 1237 238 1304 de
253 1238 364 1307 Patro
377 1239 541 1327 Filioque
559 1237 819 1328 procedentem
845 1241 1026 1308 Constant.
1042 1241 1191 1332 Epistol.
1208 1241 1283 1311 th.
1298 1243 1369 1323 PP.

192 1346 397 1436 Appendio.
424 1371 457 1436 p.
474 1346 551 1417 101.
569 1347 772 1415 Doctrinam
796 1348 937 1417 eandem
960 1347 1067 1417 habes
1083 1349 1119 1416 iu
1137 1349 1291 1438 genuina
1314 1373 1373 1441 ex·

191 1454 404 1544 planatioue
437 1454 518 1523 fidei
545 1457 640 1523 facta
666 1454 734 1522 cin
757 1453 912 1524 Concilio
944 1455 1042 1524 urbis
1065 1455 1192 1525 Romae
1216 1458 1281 1526 sub
1304 1457 1373 1525 Da·

189 1587 299 1631 maso
323 1564 430 1652 Papa,
446 1589 463 1624 n
489 1584 592 1654 quam
620 1562 826 1631 Holsteuius
857 1562 980 1633 edidit.
1009 1562 1198 1653 «Spiritus
1222 1566 1373 1636 Sanctus

190 1695 271 1742 non
296 1677 350 1740 est
372 1670 493 1738 Patris
510 1671 748 1739 tantummodo
763 1677 827 1739 aut
840 1670 929 1739 Filii
945 1672 1184 1740 tantummodo
1201 1671 1371 1763 Spiritus,

193 1779 263 1851 sed
287 1780 409 1849 Patris
433 1791 465 1845 et
489 1779 581 1847 Filii
603 1779 758 1865 Spiritus
782 1779 964 1869 (probatur
986 1803 1028 1847 ex
1045 1780 1203 1848 textibus
1218 1780 1374 1870 Scriptu-

191 1891 320 1973 ras)...
335 1887 523 1954 Nominum
547 1889 667 1978 itaquo
691 1887 797 1954 Patre
814 1901 846 1953 ct
862 1887 969 1969 Filio,
986 1887 1203 1975 inteiiipitnr
1219 1887 1375 1974 Spiritus

200 1997 365 2073 Sanctus,
391 1991 431 2059 (lo
454 2017 519 2084 quo
545 1994 616 2080 ipsc
638 1992 755 2060 Filius
780 1995 817 2058 in
840 1992 1038 2082 annqelio
1067 1993 1165 2060 dicit:
1190 1997 1276 2086 quia
1298 1994 1375 2082 spt-

204 2104 297 2168 ritus
325 2124 347 2166 a
372 2101 479 2167 Patro
502 2098 677 2190 procedit·
693 2116 737 2168 ct:
763 2098 895 2166 denseo
920 2101 1066 2187 accipiet
1094 2115 1126 2166 et
1150 2101 1375 2166 annuntiabit

204 2210 302 2277 uobis
316 2234 333 2270 n
358 2207 491 2296 (Migne
505 2207 607 2276 XIII.
624 2232 657 2297 p.
671 2207 763 2294 374).
789 2207 888 2277 Uurle
903 2208 1052 2276 Alexius
1067 2207 1257 2276 Aristonus
1274 2231 1376 2277 caum

206 2340 290 2384 num
324 2314 495 2404 interpres
530 2338 678 2405 graccus
712 2315 842 2383 saeculi
870 2315 955 2384 XII.
993 2315 1048 2384 vel
1079 2315 1173 2383 alius
1203 2313 1376 2405 Georgius

205 2424 396 2492 Aristeuus
429 2431 533 2514 atque
567 2446 609 2491 ex
642 2445 680 2491 eo
711 2421 879 2514 Iosephus
911 2422 1149 2492 Methonensis
1179 2429 1215 2491 et
1239 2424 1376 2492 Simeon
1450 2441 1454 2450 '

209 2530 348 2599 saeculo
371 2530 450 2599 XV.
476 2529 680 2620 patriarche
710 2529 805 2618 (vide
832 2528 1007 2600 Allatium
1040 2540 1161 2601 contra
1183 2530 1375 2622 Hottiuger

210 2665 239 2710 o.
258 2639 314 2708 18.
333 2638 390 2707 20.
414 2646 450 2706 et
473 2638 628 2729 Inequien
656 2638 798 2707 dissert.
823 2639 984 2710 Damaso.
1002 2638 1033 2708 Ι.
1051 2661 1086 2707 n.
1105 2638 1178 2722 26.)
1203 2649 1371 2724 narrant,

211 2748 429 2816 uDamasum
465 2768 535 2815 una
569 2769 645 2836 cum
682 2745 865 2815 catholicis
899 2745 1085 2838 Episcopis
1117 2745 1185 2813 sibi
1218 2747 1376 2814 obnoxiis

208 2853 404 2928 Concilium
425 2839 560 2922 Romae
577 2854 742 2942 coegisse,
769 2853 830 2944 qui
855 2853 892 2919 in
916 2853 1202 2921 sanctoNicaeno
1219 2853 1377 2941 symbolo

207 2964 431 3046 addiderunt,
457 2962 629 3052 Spiritum
654 2960 819 3030 Sanctum
837 2982 858 3028 a
873 2960 978 3031 Patre
995 2969 1030 3030 et
1045 2961 1140 3030 Filio
1155 2961 1339 3050 procedere
1354 2989 1370 3024 n

207 3073 339 3161 (Migne
363 3074 390 3140 l.
408 3097 438 3141 c.
457 3096 492 3160 p.
510 3071 604 3156 245).
780 3075 784 3081 '
1013 3056 1023 3076 κ

229 3163 232 3168 ’
272 3183 302 3263 o)
325 3177 502 3247 Postremo
533 3174 708 3244 Macarius
738 3172 916 3261 appellans
939 3171 983 3240 ad
1007 3180 1199 3262 apostatam
1227 3173 1374 3242 Casimi·

207 3310 284 3355 rum
308 3285 482 3353 Oudinum
506 3288 648 3352 accusat
672 3304 699 3349 s.
720 3280 884 3348 Thomam
901 3280 1126 3371 Aquinatem,
1147 3281 1232 3372 aqui
1251 3302 1376 3349 revera

208 3394 478 3483 praesumpserit
506 3390 598 3458 falsa
626 3387 827 3457 testimonia
849 3388 994 3457 Petrum
1026 3388 1135 3457 citare
1169 3390 1315 3457 maxime
1338 3389 1375 3456 in

210 3501 374 3593 opusculo
399 3497 734 3570 contraeamus.»

271 3608 386 3701 Atqui
411 3631 439 3677 s.
468 3607 618 3675 Thomas
649 3606 686 3673 in
717 3603 946 3673 citationibus
970 3601 1071 3673 illius
1102 3603 1260 3692 opusculi
1283 3603 1377 3671 nihil

209 3719 346 3786 omnino
372 3713 645 3805 «praesumpsit.
663 3740 678 3773 n
703 3712 861 3780 Libellus
886 3714 1009 3803 quippe
1027 3711 1255 3801 complectens
1269 3712 1374 3800 plura

208 3827 371 3893 maiorem
394 3829 529 3912 partem
554 3820 719 3908 genuina,
738 3818 907 3886 nonnulla
924 3819 1024 3886 falsis
1039 3819 1236 3886 nominibus
1253 3819 1377 3888 inscri-

208 3940 266 4019 pta
298 3930 499 3999 testimonia
529 3953 575 3997 ss.
601 3929 769 4012 Petrum,
797 3927 934 3994 delatus
958 3928 1075 3995 fuerat
1099 3949 1120 3992 a
1144 3927 1304 4018 quopiam
1335 3927 1378 3995 ml

210 4038 391 4106 Urbanum
413 4037 477 4106 IV.
504 4035 719 4119 Pontificem,
744 4035 802 4125 qui
828 4034 971 4102 eundem
996 4032 1091 4101 misit
1114 4033 1287 4125 Aquinati
1310 4038 1380 4101 non

212 4170 303 4230 sane,
329 4153 371 4214 ut
394 4145 564 4235 genuinos
587 4142 863 4233 asupposititiis
887 4142 1043 4210 textibus
1068 4141 1292 4228 discernerem
1319 4141 1378 4208 sed

215 4261 253 4322 nt
275 4277 416 4323 examen
440 4255 644 4322 institueret
667 4250 845 4320 doctrinae
862 4251 898 4318 in
916 4250 989 4317 iliis
1014 4250 1222 4318 testimoniis
1244 4271 1380 4338 expres·

218 4383 284 4448 sas,
310 4363 369 4454 qui
392 4363 529 4431 demum
553 4383 696 4452 cumque
721 4359 857 4428 fuerint
878 4365 1115 4443 auctoramus
1140 4358 1313 4429 catholica
1336 4376 1377 4424 ea
