3120 4988
691 325 729 340 -
752 292 809 357 179
830 326 869 342 -

191 397 332 467 rabant.
358 397 459 470 Hanc
481 401 621 470 eandem
643 401 867 486 sententiam,
888 423 966 470 cum
990 403 1068 493 ipsa
1087 403 1169 473 fidei
1192 410 1229 475 et
1242 404 1364 476 Eccle-

192 504 269 573 siae
292 505 408 575 indole
430 513 465 576 et
489 531 567 577 cum
578 507 813 578 conciliorum
828 509 967 579 theoria
983 532 1023 581 ac
1039 513 1142 602 praxi
1159 534 1360 602 congruam,

192 612 412 683 defendimus
435 615 601 686 catholici
625 623 748 686 contra
770 617 974 705 Photianos;
992 618 1093 688 illam
1116 621 1262 689 alteram
1278 622 1364 710 (sal-

191 724 263 789 tem
287 722 378 814 quod
402 731 536 812 spectat
558 724 811 817 explicationes
834 726 872 794 in
895 728 1053 816 symbolo
1080 729 1172 819 ipso)
1194 730 1361 799 Photiani

193 829 363 899 adversus
386 831 595 902 catholicam
618 834 813 903 Ecclesiam
847 836 1001 904 mutuati
1025 839 1175 906 suntab
1206 839 1362 931 antiquis

194 939 384 1009 haereticis
407 945 443 1010 et
467 941 720 1043 schismaticis,
747 943 915 1035 nobisque
939 944 1103 1012 occinunt
1132 945 1223 1014 illud
1247 945 1362 1036 Euty·

193 1048 305 1117 chetis
328 1054 364 1117 et
385 1049 557 1118 Dioscori:
579 1078 596 1114 a
614 1050 827 1120 universalis
843 1051 1000 1140 synodus
1016 1051 1117 1121 cuius
1133 1053 1272 1142 praesul
1290 1054 1362 1124 fuit

193 1155 353 1246 cyrillus
378 1160 435 1243 (ut
456 1156 599 1224 aiebant
621 1156 676 1226 illi
708 1157 892 1245 haeretici)
925 1158 1164 1228 definitionem
1195 1161 1359 1250 protulit,

192 1286 270 1331 eum
296 1265 356 1356 qui
379 1272 519 1355 praeter
541 1267 645 1333 istam
670 1265 771 1333 fidem
794 1265 1006 1355 (symbolum
1030 1267 1238 1354 Nicaenum)
1261 1268 1361 1336 addi·

193 1368 284 1437 derit
308 1372 460 1464 aliquid,
486 1372 766 1443 damnationibus
782 1394 870 1466 quae
895 1381 981 1444 tunc
1004 1374 1158 1466 scriptae
1174 1382 1269 1463 sunt,
1287 1401 1362 1448 esse

192 1480 410 1550 obnoxium»
436 1480 499 1568 (1).
704 1493 707 1500 ’

263 1714 306 1790 (1)
324 1715 392 1770 Fiat
409 1730 513 1784 quaeso
531 1714 664 1777 iudicium
682 1714 717 1769 de
737 1714 862 1781 turgidis
881 1717 910 1769 et
935 1731 1002 1769 sane
1027 1714 1160 1769 ridiculis
1185 1716 1284 1770 Photii
1314 1715 1361 1771 de·

191 1807 422 1873 clamationibus,
437 1807 539 1874 quibus
558 1806 589 1858 in
609 1820 659 1858 sua
677 1805 859 1872 Mystagogia
884 1805 918 1859 de
943 1804 1056 1874 Spiritu
1084 1805 1188 1860 Sancto
1216 1807 1360 1862 Romanos

191 1896 344 1949 Pontifices
362 1898 522 1964 Damasum,
536 1895 741 1962 Caelestinum,
756 1896 877 1949 Leonem
894 1896 918 1964 I,
933 1895 1083 1962 Vigilinm,
1097 1895 1273 1962 Agathonem
1293 1912 1361 1950 suae

191 1984 341 2038 haereseos
360 1989 496 2052 patronos
514 1986 606 2040 iactat
624 2000 680 2038 non
701 1985 759 2038 alla
784 1985 907 2052 ratione,
929 1985 988 2038 nial
1016 1984 1090 2053 quod
1119 1985 1243 2050 synodos
1271 1986 1360 2040 II-VI

192 2075 250 2141 ipsi
269 2073 481 2140 confirmarunt,
498 2075 528 2125 in
548 2074 650 2142 quibus
670 2072 803 2126 nimirum
817 2071 975 2139 symbolum
990 2072 1052 2125 sine
1066 2072 1208 2140 particula
1228 2073 1362 2141 Filioque

193 2167 347 2241 receptum¹
357 2167 410 2229 est,
428 2165 458 2215 et
477 2163 512 2216 ab
526 2163 672 2231 Ephesius
685 2178 716 2215 ac
730 2162 913 2228 sequentibus
928 2159 1105 2228 prohibitum
1122 2180 1135 2208 ι
1150 2161 1237 2214 aliam
1250 2161 1359 2215 tidem»

192 2254 378 2307 conscribere.
392 2252 460 2305 Pari
471 2252 651 2306 absurditate
664 2250 866 2304 haeresiarcha
883 2255 1020 2318 provocet
1039 2250 1075 2303 ad
1093 2250 1258 2317 Gregorium
1276 2253 1314 2307 ΙΙ.
1330 2254 1361 2305 ct

191 2345 357 2398 zachariam
375 2343 539 2411 Pontifices,
555 2357 671 2410 quornm
691 2343 743 2394 ille
762 2340 891 2408 scripsit,
906 2339 1003 2400 hictu
1021 2355 1151 2406 maecum
1164 2341 1257 2395 vertit
1268 2341 1360 2396 libros

191 2433 375 2500 dialogorum,
391 2433 439 2487 nbi
459 2433 479 2484 1.
494 2433 533 2487 ΙΙ.
554 2447 577 2486 c.
594 2432 638 2485 38.
654 2430 741 2502 (sicut
759 2432 874 2498 saepius
892 2430 924 2484 ln
943 2430 1014 2484 locis
1033 2428 1115 2499 aliis)
1135 2429 1288 2497 Gregorius
1313 2445 1359 2483 ax·

192 2525 292 2591 plicita
313 2525 471 2592 profitetur:
490 2543 502 2570 a
519 2524 587 2591 qnia
604 2524 771 2577 Paracletus
791 2521 917 2589 Spiritus
947 2538 964 2572 c
988 2521 1075 2572 Petra
1101 2535 1204 2586 semper
1229 2520 1359 2585 procedit

190 2622 215 2663 et
231 2614 354 2676 Filium
379 2612 429 2666 scd
447 2613 547 2666 Gracci
567 2612 703 2665 nimirum
722 2613 884 2665 versionem
903 2609 1058 2664 Zachariae
1077 2613 1279 2676 perverterunt
1310 2610 1357 2663 sln

191 2703 283 2754 ninus
314 2701 349 2754 ad
375 2716 487 2754 sensum
507 2701 681 2755 haereticum
709 2699 817 2768 Photit,
837 2703 870 2752 nt
895 2700 956 2767 lpse
982 2700 1083 2767 vellet,
1103 2702 1179 2752 certe
1208 2703 1301 2752 umen
1322 2696 1359 2750 ed

186 2792 363 2845 sententian
382 2790 475 2844 minus
495 2790 639 2844 disertam:
657 2809 670 2836 a
685 2790 754 2858 qula
771 2790 935 2844 Paracletus
953 2788 1079 2856 Spiritus
1097 2802 1115 2839 a
1128 2788 1214 2841 Patre
1226 2786 1356 2855 procedit

190 2887 215 2936 ei
233 2885 267 2936 in
286 2881 365 2933 h'illo
384 2885 506 2934 maneta
527 2878 578 2953 (ότι
600 2900 628 2932 το
648 2887 816 2950 παρακλητον
836 2899 940 2950 nucupata
961 2877 988 2933 ia
1008 2898 1052 2931 roc
1080 2899 1179 2948 πατρος
1199 2896 1357 2948 προερχιται

190 2991 228 3025 και
250 2971 276 3024 ἐν
298 2992 331 3039 τῳ
352 2971 394 3039 dap
414 2966 550 3041 διαμενει).
575 2969 662 3034 Quam
683 2971 872 3038 corruptelam
889 2968 946 3023 iam
968 2970 1090 3024 Ioannes
1119 2969 1256 3023 diaconus
1278 2965 1360 3038 (Vita

188 3060 211 3116 b.
227 3059 363 3127 Gregorii
379 3060 401 3113 1.
416 3059 466 3112 IV.
482 3074 505 3113 a.
521 3056 568 3132 75)
584 3062 613 3112 et
625 3059 760 3127 deinceps
773 3060 853 3125 Engo
867 3059 1043 3112 Etherianus
1056 3059 1089 3131 (Ι.
1105 3060 1159 3114 ΙΙΙ.
1175 3073 1198 3111 e.
1216 3053 1263 3128 21)
1275 3057 1360 3110 Grac·

185 3153 224 3206 cis
245 3151 470 3218 exprobrarunt.
485 3148 524 3203 st
543 3165 645 3216 graeca
663 3149 748 3202 ctiam
768 3149 865 3211 verba,
882 3152 914 3201 ut
934 3165 967 3202 ca
984 3149 1104 3203 Photius
1132 3148 1215 3215 legit,
1246 3148 1358 3201 nullum

178 3243 328 3306 praebent
346 3239 562 3292 fundamentum
581 3238 791 3305 declamationi,
808 3253 865 3305 qna
882 3239 945 3306 lpse
957 3238 1122 3305 Gregorium
1136 3242 1166 3291 et
1178 3236 1356 3305 Zachariam,

177 3343 210 3387 ac
230 3333 445 3396 consequenter
462 3325 509 3402 (ut
527 3323 583 3402 ait)
597 3342 692 3382 omnes
712 3328 863 3381 Pontifices
882 3327 1078 3393 intermedios,
1101 3344 1169 3382 suae
1197 3328 1358 3382 sentcntiae

170 3425 345 3477 assertores
363 3421 463 3473 iactat.
480 3420 585 3473 Eadem
604 3422 705 3473 valent
723 3418 758 3473 dc
776 3421 870 3473 Leone
889 3416 956 3493 (111.
972 3422 1019 3474 vel
1037 3417 1110 3492 IV.),
1128 3418 1282 3472 Benedicto
1301 3419 1356 3485 III,

170 3505 292 3567 Ioanne
314 3511 394 3577 VIII,
408 3509 554 3563 Hadriano
571 3511 626 3576 1113
643 3510 675 3562 de
696 3510 798 3576 quibus
818 3509 893 3563 nihil
914 3508 996 3563 alind
1015 3511 1125 3577 profert
1152 3524 1204 3561 neo
1230 3507 1359 3576 prolerre

170 3601 293 3668 potnit,
306 3600 364 3652 nisi
376 3600 449 3667 quod
462 3605 493 3652 et
502 3599 561 3666 ipsl
580 3600 737 3653 credebaut
746 3600 952 3669 processionem
971 3601 1096 3668 Spiritus
1106 3618 1123 3652 a
1132 3601 1230 3668 Patra,
1242 3599 1357 3653 necdum

169 3703 276 3746 sorum
298 3694 393 3743 aetate
413 3689 553 3757 professio
570 3691 709 3758 explicita
730 3691 922 3758 processionis
932 3709 949 3743 a
961 3691 1038 3744 Pilio
1049 3692 1080 3744 in
1091 3691 1220 3744 Ecclesia
1231 3691 1358 3744 Romana

169 3777 278 3836 ?uerat
292 3782 422 3845 symbolo
436 3781 756 3850 Constantinopolitano
767 3783 887 3836 inserta.
895 3783 997 3836 Mirum
1010 3781 1085 3834 anim
1096 3797 1173 3848 vero,
1182 3779 1254 3848 qnod
1266 3783 1355 3834 Maca·

169 3875 244 3925 rius
259 3867 561 3942 (pervenissentne
574 3872 661 3925 audet
671 3886 883 3925 commemorare
894 3871 1044 3925 absurdam
1056 3871 1137 3925 illam
1157 3870 1307 3938 epistolam
1321 3870 1357 3925 ad

169 3958 317 4015 Plautium
329 3962 433 4014 Ioanni
444 3961 523 4016 VIH.
538 3963 723 4029 suppositam,
740 3962 772 4014 in
791 3975 847 4029 qua
864 3960 1000 4013 Pontifex
1018 3959 1054 4013 ad
1067 3959 1274 4026 impetrandam
1293 3976 1355 4026 gra-

169 4049 273 4105 kianuu
282 4051 462 4103 sanctissimi
483 4054 512 4102 et
529 4050 691 4105 catholicin
711 4050 809 4104 Photii
828 4049 948 4117 peierat,
962 4064 992 4102 se
1008 4048 1167 4103 «collocare
1181 4064 1241 4102 eum
1259 4050 1354 4106 Inda»

168 4153 281 4194 omnes
302 4141 350 4208 qui
369 4140 540 4208 particulam
557 4142 692 4206 Filioque
709 4140 838 4206 symbulo
856 4139 960 4193 addere
979 4139 1176 4207 sustinerint,
1193 4141 1352 4196 doctrinam

168 4227 257 4286 hanc
277 4233 368 4298 ipsam
380 4232 478 4304 (quam
496 4248 556 4286 cum
576 4232 635 4286 suis
654 4231 880 4285 antecessoribus
894 4233 1017 4285 Ioannes
1031 4234 1061 4285 in
1076 4235 1352 4300 snavconsecratione

168 4321 332 4389 protessus
351 4320 459 4394 luerat)
477 4322 798 4389 esseublasphemiam3
820 4321 936 4375 »simul
966 4338 1034 4376 vero
1064 4327 1252 4392 protestatur,
1277 4344 1290 4372 ι
1322 4338 1352 4377 se

174 4411 327 4466 neminem
347 4428 398 4480 per
417 4412 475 4467 vim
494 4428 592 4478 cogere
609 4412 645 4464 ad
665 4410 890 4466 additamentum
915 4411 991 4466 illud
1019 4412 1232 4479 dimittendum.
1254 4433 1267 4464 a
1293 4412 1353 4469 Hoc
