3120 4988
628 345 665 358 ..
686 312 704 374 7
726 345 763 358 ..

114 412 326 500 declaratur,
347 417 525 486 evidenter
549 416 761 486 exhibentur
783 416 877 485 Filio
901 439 975 484 oum
1000 415 1106 484 Patre
1130 438 1280 485 commu-

112 521 182 589 nia.
209 523 309 604 Quod
334 524 490 614 Spiritus
513 527 628 590 omnia
652 526 781 612 accipit
804 544 827 591 c
851 525 978 606 Patre;
995 524 1031 592 id
1055 547 1123 590 non
1148 524 1274 608 minus,

111 627 178 694 imo
195 629 365 698 directius
383 633 552 726 scriptum
568 641 621 701 est
637 633 679 701 de'
694 632 801 700 Filio.
819 632 961 699 Dicitur
974 632 1128 720 Spiritus
1144 632 1281 712 Patria

110 741 148 802 at
170 759 237 805 non
263 762 361 808 secus
378 748 432 808 est
447 742 602 828 Spiritus
618 742 723 809 Filii.
744 740 914 831 Spiritus,
934 763 975 808 ex
992 740 1167 808 constanti
1186 739 1280 808 Scri-

109 853 296 935 pturarum
320 849 530 934 testimonio,
552 874 619 917 non
643 857 697 918 est
721 851 833 938 prima
857 870 1015 937 persona,
1043 847 1101 916 sed
1124 846 1280 936 refertur

109 962 146 1014 ut
170 952 277 1016 tertio
301 949 347 1017 ad
367 954 515 1040 primam
534 975 729 1039 personam,
755 953 917 1034 Putrem,⁰
940 959 978 1019 at
1003 953 1108 1017 tertia
1132 974 1279 1040 persona

109 1058 229 1125 ordine
253 1061 446 1127 necessario
462 1063 617 1150 proxime
632 1063 833 1153 (προσεχως)
850 1060 1004 1147 refertur
1023 1058 1069 1125 cd
1085 1056 1277 1142 secundom,

110 1165 257 1249 Filium,
277 1174 313 1235 et
326 1192 385 1256 per
400 1167 533 1237 Filium
557 1160 629 1255 (dccc
655 1194 715 1237 του
741 1194 910 1262 προσεχως
930 1170 966 1233 ἐκ
992 1193 1051 1236 του
1071 1170 1219 1259 reposco)
1235 1166 1278 1235 ad

109 1274 260 1358 Patrem,
287 1274 369 1364 quia
392 1274 466 1365 ipse
489 1274 819 1364 Filiusgeneratus
836 1297 857 1342 a
874 1277 978 1344 Patre
1003 1280 1057 1343 est
1080 1298 1187 1342 unum
1202 1296 1278 1342 cum

109 1377 225 1447 Patre.
253 1381 359 1449 Pater
383 1381 526 1450 docetur
549 1382 587 1449 in
611 1382 821 1450 aeternitate
838 1380 964 1451 habere
981 1383 1153 1470 Spiritum
1169 1405 1277 1463 scum,

111 1510 132 1550 c
154 1509 188 1552 se
211 1487 413 1554 mittendum
436 1490 473 1557 in
497 1497 674 1580 tempore,
701 1498 739 1559 at
761 1491 877 1559 eodem
902 1491 999 1557 modo
1022 1488 1139 1558 Filius
1165 1490 1208 1557 ab
1224 1513 1278 1557 ae·

110 1599 209 1662 terno
233 1595 339 1666 habet
361 1600 534 1684 Spiritum
556 1623 670 1683 suum,
696 1590 718 1664 a
741 1623 774 1665 se
797 1596 999 1664 mittendum
1022 1598 1275 1686 temporaliter.

174 1701 269 1770 Haec
293 1705 407 1772 omnia
431 1706 641 1791 testimonia,
660 1730 748 1798 quae
772 1706 1001 1775 clarissimam
1028 1704 1207 1774 continent
1222 1705 1281 1772 de-

111 1813 392 1882 monstrationem
417 1820 454 1882 et
478 1816 578 1884 velut
593 1816 829 1884 definitionem
847 1815 1067 1882 immanentis
1090 1816 1280 1904 processio-

109 1917 164 1986 nis
188 1920 345 2009 Spiritus
368 1945 389 1989 a
412 1923 528 2002 Patre,
543 1923 718 1992 Macarius
734 1930 771 1991 et
786 1922 951 1991 Photiani
969 1923 1126 1991 universi
1150 1947 1278 2012 cogun-

111 2033 169 2094 tur
195 2027 351 2096 studiose
375 2030 551 2098 occultare
575 2036 637 2098 aut
661 2037 874 2120 pervertere,
889 2053 932 2098 ne
956 2031 1120 2098 continuo
1144 2030 1278 2097 intelli·

111 2143 216 2226 gatur
248 2160 318 2206 una
348 2140 532 2230 eademque
564 2140 690 2207 relatio
726 2140 866 2207 interna
889 2139 1046 2228 Spiritus
1076 2139 1198 2207 Sancti
1232 2141 1276 2207 ad

111 2245 249 2312 Patrem
272 2251 308 2313 et
329 2244 474 2313 Filium.
500 2246 557 2312 Ad
582 2246 907 2314 demonstrationem
940 2269 1023 2336 ergo
1046 2247 1277 2336 processionis

110 2361 272 2421 aeternae
295 2376 315 2419 a
339 2353 442 2422 Patre
466 2377 534 2421 nou
558 2355 608 2422 eis
632 2363 786 2423 remanet
811 2359 867 2441 (ut
891 2355 1058 2440 diximus)
1081 2355 1152 2422 nisi
1178 2379 1279 2424 voca-

111 2461 232 2529 bulum
246 2461 445 2551 procederc,·
462 2463 526 2530 hoc
543 2463 634 2531 enim
650 2463 773 2547 solum,
792 2464 823 2531 si
840 2463 1072 2532 materialiter
1088 2471 1275 2554 spectetur,

110 2593 177 2638 non
201 2593 310 2662 aeque
333 2571 373 2638 de
389 2571 483 2639 Filio
507 2572 600 2639 sicut
624 2571 665 2639 ds
689 2573 793 2639 Patre
817 2572 854 2639 in
872 2572 982 2640 sacris
998 2571 1102 2639 libris
1117 2572 1279 2639 enuntia-

111 2687 184 2745 tum
209 2679 401 2768 reperitur,
428 2703 505 2750 cum
529 2687 652 2748 contra
676 2703 733 2748 res
755 2679 831 2770 ipsa
853 2703 914 2769 per
944 2679 1035 2748 illud
1062 2681 1205 2748 verbum
1230 2680 1276 2747 si-

109 2786 279 2874 gnificata
307 2810 377 2855 non
412 2789 526 2855 minus
559 2787 601 2855 de
623 2787 718 2854 Filio
750 2809 852 2879 quam
876 2787 918 2856 de
944 2785 1050 2855 Patre
1081 2787 1119 2854 in
1149 2788 1275 2857 eisdem

110 2895 303 2984 Scripturis
327 2895 517 2963 definiatur
542 2917 581 2962 ac
605 2892 816 2963 declaretur.

174 3004 209 3072 2⁰
232 3003 283 3071 Ob
305 3003 446 3072 eandem
482 3002 652 3072 haeresim
687 3007 825 3091 praeter
859 3008 895 3070 et
927 3007 1049 3071 contra
1073 3001 1276 3092 Scripturas

108 3119 390 3203 praeconceptam
415 3121 589 3201 coguntur
613 3109 670 3177 illi
695 3109 891 3198 confingere
919 3108 1090 3198 duplicem
1117 3109 1276 3200 Spiritus

109 3220 231 3291 Sancti
254 3220 529 3310 processionem,
561 3225 738 3288 aeternam
768 3224 803 3285 et
828 3218 1074 3307 temporariam
1099 3219 1151 3287 ita
1174 3242 1270 3309 sepa-

107 3337 244 3415 ratam,
271 3333 313 3398 ut
342 3336 462 3398 contra
490 3332 601 3396 totam
624 3325 816 3395 revelatam
851 3326 1079 3395 oeconomiam
1111 3329 1275 3416 mysterii

107 3439 171 3508 SS.
199 3437 390 3506 Trinitatis
425 3434 598 3526 processio
628 3435 666 3502 in
696 3443 849 3524 tempore
873 3444 1074 3504 assumatur
1106 3458 1271 3521 seorsum,

107 3547 315 3644 minimeque
337 3543 520 3612 includens
543 3542 794 3631 processionem
815 3549 1004 3611 aeternam.
1029 3544 1193 3613 Absurde
1210 3544 1274 3613 hac

107 3653 327 3744 separatione
361 3650 529 3740 principii
552 3651 665 3718 instar
692 3653 915 3740 praestructa
939 3651 1024 3742 quin
1047 3651 1104 3721 vel
1128 3653 1274 3740 speciem

106 3765 262 3856 aliquam
278 3758 494 3849 probationis
513 3758 640 3826 afferre
656 3758 785 3844 valeat,
803 3757 981 3828 Macarius
994 3783 1070 3828 oum
1087 3758 1170 3827 aliis
1186 3759 1275 3828 Pho-
1348 3757 1349 3761 ’

105 3872 217 3942 tianis
228 3869 279 3959 (l)
292 3868 490 3938 testimonia
505 3867 633 3951 omnia,
651 3865 779 3958 quibus
790 3867 965 3956 processio
982 3867 1138 3957 Spiritus
1151 3867 1280 3949 Sancti⁴

177 4059 221 4136 (1)
238 4060 416 4127 Principium
435 4058 513 4125 istud
532 4057 721 4123 separationis
738 4056 830 4124 ipsum
849 4060 1012 4124 conceptum
1038 4057 1156 4113 divinae
1184 4065 1273 4116 acter-

105 4155 222 4220 nitatis,
237 4151 441 4204 connexionem
460 4149 601 4202 actionum
621 4148 657 4199 ad
676 4155 753 4199 extra
765 4148 796 4199 in
811 4151 935 4216 tempore
949 4165 1009 4202 cum
1024 4154 1135 4207 actibus
1147 4155 1273 4209 internis

106 4249 136 4298 et
153 4242 294 4308 aeternis,
310 4239 522 4293 distinctionem
541 4253 723 4305 personarum
742 4253 776 4289 ex
796 4239 985 4292 relationibus
1005 4242 1126 4307 originis
1139 4245 1169 4296 in
1184 4245 1273 4299 sacris

104 4333 217 4387 litteris
237 4330 419 4398 descriptam,
433 4329 520 4396 plane
539 4328 691 4396 pervertit,
707 4328 736 4378 et
755 4329 835 4380 velut
854 4329 886 4381 in
905 4332 1033 4394 germine
1045 4335 1183 4386 ’continet
1206 4334 1276 4387 hae--

60 4460 68 4470 ι
105 4423 193 4480 rasim
209 4421 393 4477 Plautianum.
407 4402 550 4475 Macarius
567 4433 634 4472 vero
653 4415 738 4484 illud,
753 4432 785 4470 ae
804 4418 830 4472 si
850 4435 900 4486 per
918 4436 948 4474 se
967 4420 1073 4478 clarum
1092 4425 1174 4478 nulla
1194 4423 1270 4478 indi-
