3120 4988
689 338 726 353 -
749 305 806 370 tte
826 338 863 353 -

191 436 343 504 persona
365 415 470 484 etiam
496 414 657 499 secunda,
675 436 763 505 quae
786 414 824 480 in
848 413 917 480 ista
939 416 1003 479 tua
1026 412 1249 500 perversione
1271 415 1364 477 esset

189 521 349 614 Spiritus
375 525 537 593 Sanetus.

263 633 446 699 Praeterea
468 631 591 698 Patres
625 629 730 697 latini
762 630 1001 719 (Augustinus
1035 630 1135 699 Trin.
1154 629 1362 715 xv.n.47;

178 749 308 809 contr.
326 739 506 806 Maximin.
526 739 574 807 ΙΙ.
594 761 623 806 c.
644 739 702 823 14;
722 739 759 806 in
773 738 832 806 Ἰο.
852 747 956 808 tract.
976 738 1031 806 99.
1051 763 1085 806 n.
1104 738 1136 824 9;
1156 738 1367 807 Paschasius

192 847 364 915 diaconus
388 847 429 914 de
455 846 548 935 Spir.
577 847 613 945 S.
632 846 656 915 l.
675 846 706 914 1.
726 869 755 914 c.
776 846 837 931 123
864 846 1023 914 Isidorus
1047 845 1186 935 Hispal.
1207 845 1364 935 Etymol.

191 957 221 1024 l.
240 956 325 1025 VH.
345 980 374 1024 c.
394 957 429 1022 3.
447 980 480 1023 n.
500 956 532 1040 83
560 955 749 1024 Rhabanus
773 955 813 1024 de
831 955 1004 1023 Universo
1018 956 1042 1022 l.
1062 956 1092 1023 Ι.
1112 980 1142 1024 c.
1162 955 1212 1039 3.)
1229 956 1365 1039 docent,

194 1065 275 1156 ipso
299 1066 434 1133 nomine
458 1065 693 1154 perorationis
716 1064 865 1153 exprimi
890 1065 925 1132 in
951 1064 1086 1132 divinis
1117 1066 1368 1154 processionem

195 1176 242 1242 ab
267 1197 338 1241 una
360 1173 435 1242 sola
451 1194 608 1263 persona,
625 1181 728 1262 atque
752 1173 832 1240 inde
849 1172 1007 1261 intelligi
1026 1175 1273 1262 processionem
1291 1171 1369 1261 Spi-

196 1281 293 1351 ritus
318 1281 439 1349 Sancti
475 1304 541 1348 non
564 1302 638 1348 esse
670 1282 952 1368 generationem,
980 1281 1063 1371 quia
1088 1283 1117 1348 is
1142 1304 1210 1348 non
1235 1281 1277 1348 ab
1303 1301 1370 1346 uno

149 1393 151 1395 ’
197 1391 259 1461 sed
283 1412 306 1457 a
328 1393 432 1459 Patre
449 1389 553 1456 simul
570 1400 606 1457 et
616 1388 711 1485 Filio
735 1390 903 1478 procedit.
921 1390 1059 1457 Pariter
1076 1390 1234 1458 doctores
1252 1387 1371 1477 graeei

197 1497 385 1587 (Origenes
408 1497 446 1564 in
469 1497 520 1564 Io.
544 1506 627 1564 tom.
646 1497 681 1565 2.
707 1520 743 1565 n.
761 1496 800 1583 ὃς
827 1496 1020 1585 Gregorius
1052 1497 1308 1584 Thaumaturg.
1335 1496 1372 1563 in

198 1606 380 1697 symbolo;
407 1605 563 1674 Basilius
586 1630 641 1695 ep.
660 1606 714 1673 38.
734 1605 969 1692 a1.43.n.4;
997 1605 1192 1695 Gregorius
1216 1605 1369 1694 Nyssen.

199 1716 246 1784 ad
269 1714 396 1783 Ablab.
423 1715 463 1782 T.
483 1714 532 1783 Π.
552 1740 587 1805 p.
604 1715 694 1802 459,
731 1713 954 1804 Epiphanius
982 1713 1115 1783 haeres.
1146 1713 1203 1782 73.
1223 1739 1256 1803 p.
1277 1711 1372 1798 382.)

199 1825 317 1914 ipsum
337 1846 461 1892 nomen
485 1826 662 1913 unipeniti
691 1824 869 1913 explicant
893 1825 964 1908 ita,
991 1831 1030 1890 ut
1054 1825 1091 1890 in
1116 1822 1374 1912 comparatione

203 1957 282 2004 oum
307 1934 446 2023 Spiritu
462 1931 590 2002 Sancto
612 1932 755 2021 propria
778 1933 872 2000 notio
896 1931 1121 2020 distinguens
1135 1931 1223 2010 Filii
1247 1929 1375 1999 consti·

202 2050 329 2112 tuatur
353 2043 390 2110 in
415 2065 476 2127 eo,
503 2042 594 2134 quod
616 2040 734 2109 Filius
770 2041 865 2109 solus
900 2063 941 2108 ex
975 2041 1047 2108 solo
1071 2043 1312 2127 Patre·(poro;
1338 2040 1375 2105 ἐκ

204 2177 331 2244 percu,
358 2176 456 2243 μονος
481 2175 664 2244 perspexere
691 2148 901 2240 ὲκλαμψας),
928 2149 1086 2239 Spiritus
1117 2172 1200 2238 ergo
1225 2150 1375 2217 Sanetus

204 2259 275 2328 iam
298 2283 367 2327 non
390 2283 433 2329 ex
458 2280 525 2327 uno
550 2259 622 2326 solo
647 2259 705 2326 sed
730 2281 772 2326 ex
796 2257 900 2325 Patre
925 2279 985 2346 per
1007 2256 1140 2326 Filium
1162 2257 1328 2345 procedit.
1457 2268 1460 2273 ’

272 2371 449 2439 Postremo
473 2368 563 2460 quod
588 2368 775 2436 maximum
799 2375 863 2451 est,
881 2375 917 2434 et
933 2367 1024 2457 quod
1047 2365 1224 2435 Macarius
1249 2366 1378 2456 ubique

206 2477 475 2568 suppressione,
502 2477 747 2561 truncatione,
774 2475 997 2565 perversione
1032 2482 1192 2543 textuum
1223 2474 1379 2542 studiose

209 2570 284 2654 suis
308 2586 486 2670 occultat,
510 2583 634 2651 Patres
658 2584 696 2650 in
719 2583 953 2672 explicatione
978 2583 1167 2651 Trinitatis
1200 2606 1266 2650 non
1291 2581 1382 2649 rela-

208 2694 337 2763 tionem
360 2694 547 2761 dumtaxat
570 2692 687 2760 Patris
711 2692 755 2759 ad
779 2690 923 2778 Filium,
950 2691 1009 2759 sed
1033 2714 1140 2783 aeque
1164 2692 1267 2759 etiam
1292 2688 1381 2758 Filii

209 2804 252 2872 ad
276 2803 447 2894 Spiritum
472 2801 639 2870 Sanctum
664 2800 847 2870 declarant
870 2809 910 2869 ut
935 2801 1098 2891 principii
1123 2800 1166 2867 ad
1199 2800 1379 2888 proceden-

212 2917 278 2979 tem
302 2933 324 2977 a
346 2909 532 3000 principio,
552 2931 592 2977 ao
616 2909 760 2998 proinde
776 2910 912 3001 quoties
936 2908 1059 2976 docent
1070 2907 1201 2975 Filium
1220 2905 1381 2995 generari

212 3038 231 3085 a
252 3020 370 3103 Patre,
386 3018 449 3085 hoc
466 3017 541 3106 ipso
565 3016 688 3085 dicunt
704 3040 771 3084 non
796 3017 959 3106 generari
983 3016 1089 3084 etiarn
1105 3038 1126 3082 a
1143 3014 1278 3104 Spiritu
1296 3012 1380 3082 San·

213 3132 278 3214 oto,
306 3125 367 3217 qui
391 3126 434 3192 ab
459 3126 532 3215 ipso
555 3124 648 3193 Filio
672 3125 848 3226 procedit,
859 3123 1017 3193 vicissim
1041 3145 1123 3192 vero
1139 3123 1275 3214 quoties
1292 3120 1380 3187 affir-

211 3242 309 3302 mant
333 3233 584 3323 pltcessionem
609 3234 765 3324 Spiritus
789 3235 942 3315 aPatre,
961 3255 1027 3299 non
1054 3230 1151 3299 modo
1175 3254 1241 3297 non
1266 3229 1384 3296 exclu-

210 3340 301 3411 dunt
324 3341 383 3410 sed
409 3341 596 3409 includunt
620 3342 871 3431 processionem
894 3339 1044 3424 aritio,
1070 3340 1231 3433 quoniam
1255 3361 1296 3406 ex
1312 3326 1383 3405 ma·
1474 3418 1477 3424 ,

203 3452 343 3519 uiiesta
365 3473 484 3518 eorum
507 3449 667 3518 doctrina
691 3458 727 3518 et
749 3473 791 3518 ex
815 3447 1010 3517 universali
1034 3449 1100 3515 lide
1124 3448 1166 3516 de
1190 3445 1384 3515 oeconomia

203 3552 417 3642 Trinitatis,
444 3558 549 3626 Pater
571 3566 607 3626 et
630 3558 748 3627 Filius
772 3583 880 3627 unum
905 3557 1040 3626 suntin
1057 3559 1194 3624 ratione
1219 3552 1386 3644 principii

197 3667 255 3735 ad
281 3667 424 3735 tertiam
455 3688 636 3756 personam
660 3668 911 3757 procedentem,
946 3676 987 3735 ut
1013 3665 1149 3733 abunde
1174 3666 1387 3743 demonstra-

194 3774 342 3846 vimus.

281 3885 316 3951 2ο
338 3884 596 3971 Argumentum
621 3884 768 3951 alterum
794 3906 860 3972 quo
883 3880 1059 3950 Macarius
1083 3880 1218 3970 probat,
1238 3879 1387 3969 affirma-

198 3993 341 4058 tionem
377 3992 608 4081 processionis
632 4014 653 4060 a
675 3993 780 4059 Patre
804 3992 897 4080 apud
922 3995 1056 4060 veteres
1080 3990 1237 4057 doctores
1261 3989 1388 4056 habere

195 4100 287 4170 vim
304 4098 457 4190 aspondi
473 4102 724 4191 processionem
742 4124 762 4167 a
779 4098 885 4183 Filio,
905 4098 1078 4168 conflatur
1094 4100 1227 4166 duobus
1252 4098 1389 4166 menda·

199 4208 297 4293 olis,
324 4234 470 4301 quorum
494 4234 601 4278 unum
625 4218 679 4277 est
703 4209 921 4276 mendacium
957 4231 1087 4277 merum
1111 4220 1145 4276 et
1168 4233 1208 4276 ex
1235 4204 1384 4296 integro,

204 4317 367 4387 alterum
385 4322 535 4390 fortasse
552 4322 700 4390 mixtum
723 4321 849 4410 supina
873 4319 1020 4410 quadarn
1042 4317 1244 4416 ignorantia
1261 4314 1390 4384 doctri-

208 4442 283 4499 nae
306 4429 513 4502 catholicae.
530 4429 656 4502 ¹Primo
679 4430 771 4502 enim
794 4427 862 4517 ait,
889 4437 1026 4502 veteres
1048 4429 1126 4502 DD.
1152 4417 1388 4500 tantummodo
