3120 4988
1175 236 1178 254 ,
1261 205 1267 241 l

603 319 640 330 -
663 284 700 347 73
723 317 759 330 ..

96 386 185 462 tinis
200 395 343 478 patrata
356 391 497 460 deducit
508 416 550 460 ex
564 415 614 476 eo,
633 421 649 455 a
663 392 753 483 quod
768 390 859 459 illud
876 397 956 458 ante
970 389 1146 459 saeculum
1159 389 1259 457 XIV.

97 499 286 588 numquam
310 506 346 569 et
369 521 390 566 a
412 500 549 569 nemine
572 510 694 569 contra
717 501 868 569 Graecos
892 499 1040 568 citatum
1064 498 1173 568 estin

562 744 715 813 CAPUT
749 746 800 814 II.

230 959 271 1000 DE
294 957 405 1002 chunni
420 959 622 1002 racemosus
647 961 689 1003 Ex
711 958 874 1004 Docrarrrh
897 958 1127 1004 CONGILIORUM·

164 1149 295 1219 Fronte
316 1175 444 1238 aenea,
475 1175 576 1243 quam
599 1154 667 1220 iarn
691 1153 871 1235 novimus,
900 1152 1075 1222 Macarius
1099 1151 1263 1220 affirmat:

116 1250 294 1322 «concilia
315 1259 532 1326 oecumenica
556 1259 670 1325 omnia
695 1259 792 1327 nullo
816 1270 970 1346 excepto,
996 1265 1032 1327 et
1056 1261 1128 1326 t'ere
1151 1257 1266 1324 omnia

38 1369 40 1374 '
114 1363 333 1442 provincialia
357 1367 483 1457 quibus
521 1369 766 1456 opportunitas
797 1391 833 1436 se
858 1367 988 1436 ohtdlit
1023 1367 1201 1435 tractandi
1227 1365 1267 1433 de

114 1463 161 1535 loo
184 1472 359 1562 dopmote,
388 1475 601 1544 unanimiter
625 1485 864 1565 agnoverunt,
896 1476 1068 1565 Spiritum
1099 1474 1265 1544 Sanctum

110 1577 331 1644 tantammodo
356 1605 378 1645 a
401 1575 508 1648 Patre
521 1581 709 1669 procedere.
730 1582 780 1666 (1)
800 1607 816 1642 n

142 1700 146 1711 “
169 1684 361 1771 Propositio
385 1687 659 1755 contradictoria
681 1687 901 1755 Macariana'e
922 1688 1059 1757 omnino
1083 1688 1268 1756 verissima

95 1793 172 1881 est.
188 1792 237 1857 De
261 1793 319 1858 loco
343 1791 509 1883 dcqrncte,
529 1794 569 1861 de
594 1818 659 1885 quo
677 1795 918 1863 controversia
940 1803 993 1863 est
1016 1795 1267 1863 Photianorum

86 1901 224 1966 contra
245 1899 439 1969 Ecclesiam
475 1901 702 1986 catholicam,
729 1912 849 1970 utrum
881 1901 1037 1991 Spiritus
1073 1901 1223 1970 Sanctus
1247 1926 1269 1968 a

78 2003 176 2067 colo
196 2007 303 2075 Patre
327 2031 371 2076 un
395 2032 476 2078 vcro
494 2033 516 2081 c
533 2010 639 2077 Patre
663 2025 693 2076 et
712 2011 806 2077 Filio
820 2010 995 2098 procedat,
1014 2011 1050 2077 in
1067 2010 1164 2078 nullo
1181 2011 1269 2078 Con-

73 2110 448 2202 ciliooecnmenioo,
478 2119 515 2185 in
540 2118 638 2185 nullo
670 2118 823 2185 Concilio
848 2116 1066 2206 'provinciali
1099 2117 1269 2204 (exceptis

69 2214 357 2294 Coraciliabulis
391 2225 692 2294 schismaticorum
727 2250 748 2293 a
772 2234 925 2314 tempore
955 2225 1074 2292 Photii
1111 2225 1268 2308 habitis)

64 2342 147 2389 Um
157 2353 264 2421 quarn
281 2334 480 2405 tractatum
504 2344 568 2415 est,
588 2335 672 2426 quin
698 2337 954 2424 ipsumdogma
978 2334 1189 2403 catholicum
1213 2333 1269 2400 de-

60 2426 274 2511 clarorum
298 2443 408 2511 fuerit
432 2466 472 2512 ao
495 2443 688 2511 delinitum.
718 2443 849 2512 Verum
880 2443 1057 2510 Macarius
1083 2465 1158 2510 cum
1189 2440 1269 2508 reli·

58 2539 173 2619 ‘luis
203 2551 440 2620 schismaticis
456 2551 613 2620 Concilia
636 2548 870 2621 Lateranense
887 2551 950 2635 IV,
970 2551 1204 2650 [lugdunense
1217 2547 1266 2631 H,

54 2635 345 2758 Ffforentinum
368 2682 435 2726 non
459 2661 630 2748 agnoscit,
662 2683 730 2750 qua
753 2662 937 2748 negatione
961 2659 1039 2747 ipsa
1062 2664 1136 2726 tum
1161 2664 1269 2723 totam

54 2742 259 2835 dlvinam
284 2767 567 2835 constitutionem
584 2767 761 2835 Ecclesiae
785 2767 865 2836 lesu
886 2767 1021 2834 Christi
1040 2768 1266 2847 subvertunt,

53 2855 163 2932 mm
199 2875 449 2944 auctoritatam
472 2899 513 2943 ex
530 2875 684 2965 Spiritus
710 2874 831 2943 Sancti
848 2875 1052 2942 assistentia
1076 2871 1270 2940 derivatam

53 2976 384 3050 ⁰1t1ninmetiam
408 2992 564 3051 veterum
595 2983 829 3050 Consiliorum
863 2982 1079 3049 labefactant
1101 3002 1142 3047 ac
1164 2977 1273 3045 nomi-

52 3081 213 3157 nati-m
237 3089 617 3180 Constantinopolitani
642 3091 671 3174 I,
691 3091 734 3159 ad
760 3091 850 3180 quod
876 3088 1102 3181 quantumvis
1129 3107 1268 3176 praepo·

54 3172 195 3263 etQ-e
217 3199 256 3265 in
273 3199 338 3266 hac
363 3221 468 3267 causa
483 3201 700 3288 potissimum
717 3221 904 3286 provocare
922 3199 1046 3266 solent.
1064 3196 1160 3264 Illud
1178 3195 1269 3264 enim

54 3297 145 3358 ¹¹⁸0
184 3308 434 3375 convocatione
458 3331 521 3376 nec
546 3308 775 3376 celebratione
800 3307 1077 3390 oecumenicum,
1101 3305 1190 3371 hanc
1215 3325 1272 3369 su-

55 3404 256 3503 Pfssmam
279 3415 526 3482 auctoritatem
542 3438 610 3482 non
634 3415 703 3482 nisi
720 3438 761 3482 ex
778 3417 1006 3505 subsequente
1022 3411 1169 3481 Romani
1185 3409 1272 3475 Pon-

57 3493 214 3587 llfieis
238 3521 496 3590 confirmatione
522 3529 743 3590 consecutum
760 3545 844 3606 esse,
866 3523 902 3588 in
927 3521 1077 3588 historia
1092 3526 1146 3587 est
1164 3515 1270 3591 mani-

55 3594 345 3696 festissimum.
367 3627 434 3696 Sed
458 3628 619 3719 quoniam
641 3642 734 3697 nune
760 3629 800 3697 de
823 3630 906 3698 aliis
942 3629 1190 3696 Photianorum
1215 3647 1267 3692 er·

53 3722 243 3804 rorilius
267 3760 335 3804 non
359 3738 508 3825 agimus,
527 3736 710 3804 audiamus
728 3736 960 3804 Conciliorum
978 3756 1064 3825 quae
1082 3733 1186 3801 etiam
1202 3731 1272 3820 ipsi

54 3814 313 3931 afimittunt,
332 3845 492 3911 unanime
517 3845 607 3932 quod
632 3845 792 3932 fingitur,
811 3843 1048 3913 testimonium
1072 3841 1114 3910 de
1137 3860 1273 3928 proces·

54 3935 202 4019 ³¹⁰11c
226 3951 384 4041 Spiritus
409 3951 530 4021 Sancti
554 3977 576 4017 o
598 3953 668 4018 colo
692 3953 810 4019 Patre.

165 4130 219 4209 (1)
236 4137 310 4189 Tuus
329 4136 372 4187 les
391 4136 519 4188 Conciles
539 4135 748 4200 oecumeniqucs
769 4151 835 4186 sans
849 4133 1008 4201 exception,
1024 4137 1053 4185 et
1071 4134 1161 4185 alcun
1177 4148 1267 4184 exem·

160 4232 294 4292 presque
315 4227 377 4277 tous
396 4224 439 4276 las
457 4224 584 4276 Conciles
604 4224 803 4290 provinciaux,
820 4223 869 4288 qui
890 4229 940 4274 ont
959 4238 992 4273 eu
1017 4224 1144 4275 occasion
1166 4222 1273 4274 d'abor·

84 4295 106 4332 ὓ
169 4327 207 4368 oa
226 4317 334 4383 dogma,
357 4319 407 4368 ont
425 4319 636 4370 unanimemcnt
653 4329 789 4368 reconnus
808 4330 861 4381 quc
880 4314 907 4366 le
926 4313 1128 4381 Salat-Esprit
1155 4310 1273 4381 procede

58 4377 255 4460 'eustanum
274 4407 314 4459 du
331 4405 408 4458 Phra.
429 4424 458 4475 p.
473 4406 536 4460 350.
