3120 4988
587 421 624 436 -
647 389 705 451 lll
727 421 764 434 -

18 494 274 585 quominus
297 495 390 565 huno
416 495 589 565 vindicem
613 495 695 563 fidei
719 494 916 565 catholicae
944 495 1109 562 inducere
1133 495 1264 563 audeat

16 608 214 670 testem
238 622 256 666 u
275 603 421 671 strictae
445 603 646 692 negationis
665 602 873 692 »dogmatis
897 602 1078 688 catholici,
1096 624 1137 671 aa
1154 625 1266 673 asser·

15 717 199 780 torem
223 710 622 801 haeresis-postmodum
645 733 667 777 a
689 712 815 778 Photio
840 711 1019 779 invectae!

150 818 288 886 Eadem
312 841 396 888 vero
420 821 521 887 fraus
546 819 639 888 sicut
654 818 692 886 in
705 818 868 886 Rhabani
883 818 1098 886 testimoniis
1111 819 1265 887 commit·

31 927 184 995 titur
220 927 255 994 in
284 928 410 996 ceteris
434 927 627 1013 Patribus,
654 950 740 1018 quos
772 926 948 995 Macarius
980 927 1018 995 in
1043 928 1117 994 suis
1152 929 1269 994 tribus

29 1036 271 1127 prioribus
294 1037 466 1104 classibus
482 1036 585 1104 velut
609 1041 801 1103 assertores
826 1035 964 1103 inducit
986 1036 1162 1123 dogmatis
1179 1035 1268 1102 Pho-

33 1144 196 1226 tiani.
218 1143 320 1213 Sicut
336 1168 377 1213 ex
389 1145 558 1213 Rhabano
576 1144 627 1212 ita
640 1166 682 1216 ex
695 1143 822 1213 ceteris
837 1144 997 1212 omnibus
1014 1144 1105 1211 nihil
1123 1166 1270 1233 prorsus

37 1253 193 1321 aliud
219 1253 336 1321 adfert
359 1274 420 1322 nec
443 1253 583 1321 adferre
607 1259 735 1342 potest,
754 1253 825 1320 nisi
849 1253 940 1344 quod
965 1253 1140 1321 affirmant
1157 1254 1272 1340 Spiri-

51 1374 165 1425 tum
188 1360 412 1448 procederes
437 1361 556 1441 Patre,
577 1359 758 1448 proaedere
780 1385 802 1426 a
825 1361 933 1428 Patre
957 1376 989 1427 et
1012 1363 1109 1426 mitti
1132 1385 1154 1426 a
1174 1360 1271 1428 Filio

47 1468 148 1537 vel
173 1492 310 1534 monere
326 1471 363 1532 in
380 1469 490 1550 Filio,
509 1469 546 1534 in
563 1467 625 1538 SS.
646 1468 822 1537 Trinitate
839 1471 979 1544 Patrem
1000 1493 1068 1535 esse
1084 1471 1271 1559 originem,

32 1563 308 1665 ‘Principiam
331 1576 485 1645 deitatis.
512 1577 585 1645 Has
620 1577 689 1644 iam
718 1579 908 1663 veritates,
935 1578 1124 1668 inquibus
1157 1598 1281 1670 omnes¹

61 1683 265 1755 catholici
289 1684 543 1769 consentimus,
568 1689 606 1753 et
629 1685 704 1752 sine
728 1684 855 1776 quibus
878 1686 993 1774 ipsum
1018 1685 1144 1773 dogma
1168 1706 1273 1750 sensu

61 1791 272 1860 catholico
295 1793 525 1882 processionis
548 1814 569 1858 a
593 1792 707 1881 prima
729 1797 766 1860 et
782 1795 934 1861 secunda
951 1815 1098 1882 persona
1116 1791 1275 1858 Trinita-

66 1900 142 1968 tis
168 1904 211 1967 ut
233 1901 278 1967 alr
302 1923 370 1968 uno
395 1900 567 1990 principio
585 1899 743 1989 Spiritus
755 1899 878 1969 Sancti
894 1901 1031 1988 concipi
1055 1923 1123 1967 non
1141 1905 1271 1987 posset,

71 2003 273 2075 Macarius
296 2008 420 2076 vendit
443 2009 517 2076 suis
532 2009 686 2077 alumnis
707 2009 807 2077 velut
823 2011 1023 2098 negationes
1040 2009 1192 2075 unitatis
1208 1993 1281 2073 Pa

82 2115 165 2182 tris
190 2122 224 2182 et
248 2114 337 2183 Filii
362 2117 398 2183 in
434 2117 598 2206 spirando
621 2124 658 2186 et
680 2119 898 2207 producendo
927 2140 1107 2207 personam
1132 2116 1274 2184 tertiam

90 2221 275 2313 Spiritum
299 2223 490 2308 Sanctum,
517 2233 619 2293 caute
651 2226 871 2315 supprimens
896 2249 984 2316 quae
1010 2225 1066 2293 vel
1090 2224 1127 2290 in
1151 2223 1276 2290 iisdem

95 2331 326 2400 contestibus
350 2331 407 2401 vel
430 2332 467 2399 in
490 2333 574 2400 aliis
606 2334 693 2401 locis
718 2356 785 2401 non
810 2334 925 2401 minus
956 2355 1059 2425 quam
1084 2333 1276 2406 Rhabanus

100 2443 208 2511 ceteri
232 2443 356 2511 Patres
379 2442 537 2533 plerique
562 2443 757 2512 clarissime
785 2444 910 2512 docent
933 2444 974 2511 de
999 2443 1135 2511 unitate
1159 2440 1276 2509 Patris

100 2559 136 2619 at
157 2549 246 2618 Filii
266 2550 365 2618 siout
380 2546 599 2621 inmissione
617 2550 669 2618 ita
685 2551 720 2617 in
731 2551 957 2639 'processione
974 2550 1184 2616 immanente
1200 2547 1279 2636 Spi-

103 2658 195 2727 ritus
215 2657 364 2742 Sancti,
390 2664 425 2725 et
449 2658 491 2728 de
510 2657 821 2727 communicatione
849 2659 956 2726 unius
991 2656 1140 2726 virtutis
1165 2656 1277 2744 spira-

104 2769 205 2837 triois
227 2790 250 2834 a
272 2768 378 2836 Patre
401 2779 591 2858 generante
614 2769 651 2835 in
674 2768 808 2836 Filium
832 2769 1091 2860 genitumque
1115 2765 1274 2856 produci·

104 2884 161 2954 tur
183 2877 293 2947 tertia
316 2899 463 2967 persona
488 2877 551 2948 SS.
570 2877 776 2946 Trinitatis.

310 3051 342 3128 §-
362 3043 426 3112 IV.
453 3043 505 3109 De
527 3042 735 3111 Masuriana
759 3045 1070 3132 argumentatione,

106 3175 173 3244 qna
186 3151 335 3242 probare
350 3152 509 3218 institnit
522 3175 584 3242 per
605 3152 865 3243 affirmationem
887 3153 1113 3241 processionis
1130 3175 1152 3218 a
1167 3152 1277 3220 Patre

254 3262 450 3353 significari
473 3264 689 3351 sepitionem
708 3263 935 3352 processionis
959 3286 981 3329 a
1003 3262 1113 3330 Filia.

170 3415 558 3493 Instituit'Photianus
591 3430 709 3494 noster
744 3426 899 3515 aliquam
923 3424 1275 3513 argumentationem,

108 3554 173 3624 qua
197 3533 319 3620 probet
342 3555 407 3600 sua
430 3532 496 3600 illa
518 3532 721 3600 testimonia
745 3534 966 3621 affirmantia
991 3533 1117 3600 habere
1141 3554 1279 3598 sensum

107 3639 346 3723 coeladentem,
373 3641 525 3732 adeoque
549 3643 672 3709 merito
697 3641 828 3725 induci,
848 3664 888 3708 ac
906 3642 937 3708 si
961 3641 997 3707 in
1022 3641 1073 3707 eis
1098 3635 1276 3707 diceretur

109 3748 263 3838 Spiritus
288 3750 438 3818 Sanctus
474 3749 657 3838 procedere
682 3775 703 3815 a
727 3750 797 3815 sola
824 3750 930 3815 Patre
963 3763 995 3814 et
1029 3773 1096 3813 non
1132 3749 1235 3813 etiarn
1260 3769 1282 3812 a

109 3860 215 3928 attta
234 3859 286 3945 At
303 3858 396 3927 hunc
413 3882 550 3926 sensum
571 3855 801 3925 eaclradenteni
817 3857 893 3924 illis
911 3857 1123 3924 testimoniis
1141 3857 1281 3924 subesse

109 3967 204 4035 nullo
230 3967 327 4034 modo
351 3989 473 4055 possa,
500 3966 643 4034 evidens
666 3970 785 4032 estex
814 3965 1008 4032 eorumdem
1032 3964 1101 4030 PP.
1121 3963 1282 4058 doctrina
1322 4036 1332 4045 κ

110 4074 298 4158 contraria,
324 4073 396 4142 nisi
414 4073 581 4143 Photiani
606 4073 698 4144 forte
722 4072 853 4154 dicant,
874 4077 1012 4138 sanctos
1037 4071 1196 4138 doctores
1213 4093 1282 4137 uno

109 4183 267 4253 anhelitu
291 4183 381 4251 idem
397 4183 523 4270 dogma
547 4182 652 4249 simul
668 4182 859 4248 affirmasse
875 4186 910 4247 at
927 4203 1070 4269 negasse
1089 4179 1282 4246 nescientes

111 4314 218 4384 neque
242 4313 330 4384 quae
346 4292 586 4384 loquerentur,
605 4313 714 4382 neque
738 4291 779 4358 de
804 4288 932 4380 quibus
957 4290 1184 4356 affirmarent.
1209 4286 1283 4354 Au·

113 4398 228 4467 dictur
251 4405 369 4469 tamen
392 4407 648 4490 argumentum,
676 4397 767 4489 quod
791 4396 920 4489 duplex
944 4399 1125 4487 profertur
1154 4395 1197 4462 ab
1221 4391 1280 4460 ad·

115 4507 280 4578 sermio.
