3120 4988
595 335 633 350 -
654 303 712 366 233
735 336 773 352 -

105 405 231 475 relatio
255 407 406 498 originis
429 408 586 498 Spiritus
611 408 734 478 Sancti
758 410 803 478 ad
825 410 972 497 Filium;
998 418 1035 479 et
1058 411 1141 504 quia
1156 412 1275 482 Filius

106 521 159 584 est
182 538 225 583 ex
247 516 366 599 Patre,
391 518 509 586 eadem
532 541 602 587 nna
624 517 752 586 relatio
776 518 820 586 ad
844 520 986 586 Patrem
1009 526 1046 587 et
1068 520 1203 588 Filium
1218 545 1275 591 ax·

104 622 211 714 primi
232 648 303 694 non
338 632 475 715 potest,
510 649 613 720 quam
640 627 699 698 hic
723 650 745 696 a
768 650 892 717 magno
916 627 1114 697 Athanasio
1144 637 1198 699 est
1221 630 1279 700 de·

104 730 249 822 scripta.
275 732 365 802 Vide
382 733 502 804 Tract.
518 736 559 803 de
576 733 677 803 Tria.
692 735 719 804 l.
734 759 764 804 c.

169 840 204 910 N
206 862 273 908 unc
285 840 520 911 examinemus
533 842 766 931 corruptelam
783 840 937 932 insignis
952 842 1061 912 huius
1077 844 1159 929 loci,
1175 866 1279 937 qnam

103 946 283 1016 Macarius
306 971 384 1017 cum
407 950 483 1019 suis
507 951 665 1020 obtrudit
689 975 718 1020 s.
739 951 903 1020 rhomae.
929 950 1046 1020 Fraus
1068 951 1278 1022 Latinorum

104 1061 180 1124 tota
216 1055 379 1125 consistit
409 1057 448 1125 iu
478 1058 638 1127 versione
672 1059 729 1127 vel
763 1058 997 1148 explicatione
1029 1059 1136 1128 unius
1158 1058 1276 1129 incisi.
1354 1129 1368 1149 x

105 1163 224 1232 Verba
238 1162 430 1235 Athanasii
454 1171 540 1234 sunt
563 1150 725 1253 superius
740 1167 864 1234 citata:
893 1165 1020 1234 osicut
1040 1165 1171 1251 Filius,
1191 1188 1279 1259 quae

107 1272 262 1343 faciebat
285 1297 401 1365 opera,
427 1275 568 1342 Patrem
592 1275 708 1343 facere
732 1273 883 1343 dixit...
898 1274 952 1342 ita
976 1295 1064 1365 quae
1087 1274 1125 1342 in
1141 1274 1280 1344 virtute

107 1378 266 1471 Spiritus
282 1383 423 1452 'Paulus
447 1383 669 1471 operabatur,
684 1380 818 1449 Christi
835 1403 939 1471 opera
954 1404 1029 1451 esse
1045 1381 1201 1450 dicebat»
1212 1383 1277 1471 (1).

106 1487 183 1557 Iam
220 1490 380 1582 quisnam
415 1512 541 1582 quaeso
571 1513 612 1557 ex
643 1494 719 1557 toto
753 1496 919 1558 contextu
943 1496 998 1558 est
1028 1511 1150 1558 sensus
1172 1489 1280 1560 huius

107 1596 238 1665 incisi?
261 1597 379 1666 Filius
403 1598 471 1686 (ait
495 1598 732 1684 Athanasius)
755 1619 821 1666 sna
844 1619 949 1686 opera
971 1597 1061 1666 dicit
1083 1619 1157 1667 esse
1174 1611 1289 1688 opera*

106 1704 226 1773 Patris
248 1705 294 1773 ad
317 1705 560 1775 declarandam
585 1729 682 1773 suam
706 1705 913 1773 relationem
937 1705 1090 1795 originis
1113 1727 1135 1773 a
1158 1706 1277 1794 Patre;

108 1815 208 1906 atqui
230 1813 365 1882 Paulus
389 1813 506 1882 eodem
529 1815 627 1881 modo
650 1836 755 1903 opera
779 1814 937 1903 Spiritus
961 1814 1083 1884 Sancti
1100 1814 1189 1883 dicit
1205 1835 1280 1882 esse

109 1944 213 2012 opera
235 1921 371 1992 Christi
393 1922 494 2009 Filii,
514 1944 597 2011 ergo
621 1922 739 1990 eadem
761 1925 817 1990 est
831 1921 959 1991 relatio
976 1921 1140 2011 originis,
1160 1943 1222 1990 seu
1238 1924 1281 1989 ut

108 2028 333 2099 Athanasius
355 2029 526 2122 loquitur,
553 2031 644 2099 idam
668 2029 752 2098 ordo
774 2035 811 2098 et
833 2029 952 2097 eadem
975 2036 1105 2097 natura
1120 2027 1279 2118 Spiritus
1407 2092 1409 2096 ,

113 2137 233 2206 Sancti
258 2139 302 2206 ad
324 2137 477 2222 Filium,
504 2138 621 2228 qualis
644 2144 698 2206 est
724 2135 813 2206 Filii
842 2136 887 2205 ad
910 2138 1062 2206 Patrem.
1089 2135 1190 2205 Unde
1213 2159 1281 2204 non

113 2246 250 2337 quidem
274 2268 304 2314 s.
326 2244 499 2331 Thomas,
524 2245 584 2314 sed
608 2244 670 2312 ille
694 2244 754 2336 qui
779 2243 918 2313 Urbano
943 2243 1011 2314 IV.
1036 2243 1202 2313 Pontifici
1226 2245 1283 2312 ob-

115 2353 251 2423 tulerat
275 2352 513 2421 collectionem
537 2352 815 2421 testimoniorum
832 2375 873 2420 ex
898 2375 945 2421 ss.
964 2353 1144 2439 Patribus,
1170 2354 1283 2422 locum

113 2463 220 2530 istum
244 2460 434 2528 Athanasii
458 2483 563 2529 sensu
585 2483 728 2550 prorsus
752 2461 905 2549 genuino
920 2461 974 2528 ita
989 2459 1027 2529 in
1043 2461 1283 2551 compendium

107 2569 311 2655 contraxit,
347 2568 521 2660 simulque
550 2566 767 2636 declaravit:
802 2567 1025 2659 «Apostolus
1057 2589 1146 2659 quae
1177 2567 1216 2635 in
1239 2589 1279 2636 eo

113 2683 277 2768 operatur
299 2673 460 2766 Spiritus
483 2680 518 2742 et
541 2673 669 2764 efficit,
697 2673 792 2744 Filio
815 2674 954 2743 auctori
978 2674 1055 2743 eius
1087 2673 1281 2763 attribuit,

114 2786 204 2857 siout
227 2792 264 2853 et
285 2783 403 2852 Filius
419 2803 508 2873 quae
531 2782 606 2872 ipse
622 2783 711 2852 facit
727 2803 843 2871 opera,
864 2804 927 2850 suo
943 2781 1080 2850 auctori
1095 2782 1169 2850 Deo
1183 2779 1285 2849 Patri

114 2891 293 2965 attribuit.
310 2916 327 2954 n
354 2889 389 2960 S.
406 2888 556 2958 Thomas
580 2910 663 2959 vero
685 2912 755 2958 uon
776 2889 876 2959 aliud
891 2888 1087 2979 praestitit,
1106 2887 1176 2956 nisi
1192 2888 1285 2979 quod

111 3000 238 3085 locum,
265 2987 430 3068 utillum
454 2997 491 3065 in
516 2996 719 3066 collectione
744 2997 811 3066 sibi
834 2997 971 3066 tradita
994 2979 1141 3087 reperit,
1155 2996 1284 3066 descri-

109 3113 200 3198 psit,
227 3112 335 3199 atque
365 3117 611 3195 argumentum
635 3105 672 3172 in
696 3126 735 3172 eo
759 3105 834 3173 sine
866 3103 972 3172 dubio
1000 3101 1284 3195 comprehensum

102 3239 168 3305 pro
194 3213 416 3308 processione
447 3211 604 3302 Spiritus
629 3210 753 3280 Sancti
777 3232 799 3279 a
820 3209 915 3280 Filio
940 3211 1114 3302 explicuit
1138 3213 1282 3303 (Opusc.

104 3332 240 3399 contra
262 3344 397 3394 errores
420 3318 717 3407 arcemanus).

178 3433 229 3502 5⁰.
242 3431 369 3501 ¹Unica
385 3429 500 3499 adhuc
516 3433 634 3498 manet
657 3426 802 3517 stropha
817 3426 965 3496 Macarii
988 3427 1121 3497 deloco
1140 3427 1283 3496 Ioannis

93 3539 323 3617 Damasceni
347 3536 523 3629 corrupto.
552 3538 680 3606 Totum
702 3536 882 3626 negotium
906 3535 949 3603 ad
973 3534 1059 3604 haec
1082 3540 1285 3607 revocatur.

89 3647 246 3725 Exstat
271 3647 388 3718 «Vita
410 3669 457 3715 ss.
475 3646 641 3715 Barlaam
664 3652 700 3715 et
721 3644 919 3734 Iosophatn
945 3643 1126 3734 adscripta
1149 3643 1287 3712 auctori

85 3757 240 3835 Ioanni
256 3757 480 3840 Damascena,
499 3754 719 3846 eiusdemque
736 3753 853 3823 versio
870 3751 984 3821 latina
996 3750 1148 3841 Georgio
1160 3751 1287 3839 Trape-

85 3868 236 3942 zuntio
259 3864 350 3934 falso
377 3863 553 3931 attributa
574 3862 612 3929 in
644 3860 758 3930 lucem
780 3858 912 3950 prodiit
939 3856 1077 3928 saeculo
1100 3856 1201 3927 XVI.
1226 3857 1288 3925 mi·

83 3982 208 4050 nime
239 3971 429 4062 castigata.
460 3970 528 4038 Ille
558 3992 620 4037 neo
654 3970 764 4038 bonus
796 3968 972 4057 interpres
1006 3989 1069 4036 nec
1104 3964 1290 4055 theologus

85 4082 257 4159 nouauit
278 4078 510 4170 suspicionem
531 4076 724 4146 Photianae
754 4074 937 4144 haereseos
966 4074 1192 4144 amovendam
1215 4093 1291 4143 esse

188 4245 348 4324 (1)Ὡσπερ
367 4243 379 4298 o‘
401 4243 457 4306 ὁιος
475 4242 543 4313 οἱπερ
563 4237 643 4296 incuss
671 4236 746 4313 ἔργα,
772 4240 849 4311 ἔλεγε
870 4259 913 4294 τον
937 4260 1040 4312 recepe
1066 4237 1290 4311 ἒργαζεσθαι....

54 4325 67 4336 k
101 4341 199 4405 ὄυτως
218 4339 286 4410 οἱπερ
305 4332 329 4390 io
350 4340 456 4405 δυναμει
476 4352 625 4404 πνευματος
640 4327 777 4404 ἒιργαζετο
798 4330 811 4385 ὁ
831 4334 945 4394 Παυλος,
965 4326 1040 4400 ἔλεγε
1061 4349 1106 4382 του
1122 4332 1243 4400 Xpaorou
1259 4325 1292 4379 εἰ·

107 4446 165 4485 ναι
183 4453 218 4485 τα
236 4425 302 4502 ἔργα
319 4425 363 4482 ibi
380 4441 411 4480 n·
427 4425 471 4479 19.
486 4422 522 4479 ad
540 4423 635 4477 finem.
