3120 4988
702 376 739 389 ..
762 342 799 406 70
820 375 858 390 .-

202 449 394 522 dentalium
430 451 494 520 hoc
513 449 679 541 symbolo
711 473 873 544 umquam
904 472 990 519 usus
1024 449 1074 519 sit
1105 454 1229 519 contra
1260 447 1370 517 Grae-

203 583 262 630 cos
289 561 351 647 (1).
373 587 389 623 n

266 669 378 760 Atqui
403 667 559 737 omnibus
582 667 733 737 eruditis
756 673 878 736 nostra
902 670 1016 736 aetate
1040 673 1142 735 extra
1169 671 1368 735 controver-

201 775 287 845 siam
312 783 396 844 sunt
419 776 611 867 sequentia.
642 780 678 862 c)
701 776 977 844 Innumerabiles
1013 775 1147 843 codices
1171 773 1280 841 latini
1304 771 1368 840 hoo

201 886 397 973 symbolum
422 884 651 968 continentes,
682 906 827 975 quorum
851 883 962 973 aliqui
996 881 1114 950 Photii
1138 886 1253 950 aetate
1277 878 1368 947 anti·

201 994 339 1084 quiores
364 1000 459 1076 sunt,
478 1002 552 1060 tum
576 994 612 1059 in
637 993 762 1060 ceteris
778 993 824 1077 (si
848 972 976 1081 paucas
1001 991 1170 1059 lectiones
1188 988 1368 1057 variantes

200 1101 336 1168 nullius
360 1100 523 1168 momenti
546 1099 717 1188 excipias)
741 1109 814 1167 tum
840 1099 876 1167 in
901 1098 966 1167 hac
986 1099 1167 1167 retinenda
1190 1098 1368 1189 particula

200 1224 233 1276 et
255 1211 352 1278 Filio
377 1210 451 1278 aine
475 1208 550 1277 ulla
573 1209 810 1297 discrepantia
831 1208 1034 1298 plenissime
1058 1209 1150 1276 inter
1174 1231 1210 1275 se
1227 1228 1366 1275 consen·

199 1317 307 1385 tiunt.
328 1316 470 1385 Codices
487 1316 604 1404 graeci
628 1322 710 1384 tnm'
728 1317 763 1382 in
781 1315 916 1406 reliquo
941 1320 1107 1383 contextu
1125 1313 1275 1404 symboli
1293 1320 1367 1380 tum

198 1423 235 1492 in
260 1425 441 1493 retinendo
465 1425 523 1493 vel
547 1425 789 1513 supprimendo
813 1425 878 1494 hoc
902 1422 1013 1492 inciso
1037 1423 1161 1491 mirum
1194 1431 1366 1514 quantum

97 1575 99 1578 >
199 1533 292 1602 inter
315 1557 351 1602 se
375 1535 555 1602 differunt.
582 1533 708 1622 Stylus
732 1533 805 1622 ipse
829 1533 971 1623 prodit,
1000 1541 1134 1603 textum
1159 1534 1367 1623 originalem

199 1664 272 1710 esse
296 1643 459 1727 latinum,
478 1664 601 1733 graece
623 1665 690 1711 non
715 1642 836 1711 haberi
860 1644 930 1711 nisi
954 1643 1145 1712 versionem
1169 1665 1315 1734 eamque
1331 1642 1367 1709 in

200 1749 352 1820 diversis
374 1750 628 1840 exemplaribus
645 1752 831 1821 diversam.
850 1751 979 1820 Eadem
1002 1750 1214 1840 exemplaria
1239 1770 1367 1838 graeca

201 1861 334 1952 scripta
358 1870 441 1930 sunt
457 1862 569 1929 omnia
585 1865 663 1950 post
678 1860 853 1928 invectam
870 1859 940 1927 iam
957 1857 1127 1928 haeresim
1143 1859 1365 1928 Photianam.

201 1967 300 2037 Unde
323 1968 415 2037 inter
439 1967 648 2038 recentiores
671 1966 871 2036 collectores
895 1967 1141 2056 symbolorum,
1161 1968 1221 2057 qni
1245 1965 1369 2034 lectio·

200 2099 262 2145 nes
286 2076 440 2145 sinceras
465 2075 556 2144 omni
592 2075 708 2143 studio
732 2082 975 2160 assectantur,
1001 2073 1217 2142 acatholicus
1242 2073 1370 2163 Augu·

198 2189 275 2252 atus
298 2182 402 2249 Hahn
426 2184 477 2272 (in
500 2182 719 2251 Bibliotheca
742 2183 976 2272 symbolorum
1000 2181 1099 2251 1842.
1125 2206 1158 2272 p.
1179 2182 1260 2269 123)
1285 2183 1372 2250 sim·

199 2288 342 2378 pliciter
365 2289 559 2380 profitetur:
581 2321 597 2355 a
616 2315 691 2361 cum
715 2291 822 2360 huius
857 2291 1006 2381 symboli
1029 2293 1196 2358 versiones
1219 2314 1371 2380 praeoce

182 2395 292 2487 *inter
314 2419 349 2465 se
372 2396 609 2488 discrepantes
644 2399 779 2468 nullius
802 2399 875 2466 sint
898 2399 1004 2489 pretii
1030 2397 1170 2482 critici,
1201 2398 1371 2468 dabimus

197 2503 308 2571 solum
332 2510 467 2574 textum
491 2490 642 2575 latinum
666 2531 742 2576 oum
766 2507 991 2576 variantibus
1016 2505 1246 2590 lectionibus,
1274 2528 1369 2597 quae

196 2613 388 2701 generatim
414 2615 518 2704 parvi
541 2624 624 2685 sunt
647 2618 821 2686 momenti.
842 2644 858 2678 n
879 2616 1049 2707 Quisquis
1073 2616 1192 2706 itaque
1228 2636 1375 2683 censea-

197 2727 259 2790 tur
282 2722 499 2813 conscriptor
523 2725 684 2813 symboli,
703 2725 778 2795 sive
800 2723 1019 2792 Athanasius
1042 2730 1133 2813 (cum
1157 2723 1287 2793 Romae
1306 2732 1381 2794 aut

198 2830 357 2900 Treviris
380 2834 551 2918 exularet,
572 2841 613 2903 ut
635 2834 774 2926 quidam
793 2834 995 2925 opinantur)
1019 2834 1095 2902 sive
1110 2833 1219 2901 multo
1243 2835 1400 2923 proba-

197 2938 307 3008 bilius
331 2938 425 3008 alius
449 2943 568 3010 doctor
592 2942 845 3029 occidentalis,
875 2949 1010 3012 textum
1034 2941 1184 3010 latinum
1208 2964 1283 3010 esse
1309 2967 1386 3032 ge-

196 3048 354 3131 nuinum,
385 3070 530 3140 eumque
554 3051 653 3118 nobis
686 3052 892 3118 nominatim
916 3051 953 3118 in
977 3051 1191 3140 professione
1220 3050 1263 3118 de
1288 3051 1384 3141 Spi-

135 3228 145 3248 ,
187 3155 273 3241 ¹ritu
297 3155 425 3251 Sancto
448 3160 653 3247 procedente
676 3182 697 3226 a
720 3162 825 3229 Patre
849 3174 881 3227 et
895 3160 1002 3229 Fue
1037 3157 1263 3247 integerrime
1287 3181 1388 3228 con-

196 3271 387 3351 servatum,
407 3276 507 3352 extra
530 3267 789 3340 finesRussiae
812 3291 910 3337 nemo
934 3269 1087 3337 dubitat.
1117 3268 1168 3337 Eo
1191 3267 1268 3358 ipso
1293 3292 1379 3341 cer·

197 3381 271 3440 tum
295 3381 359 3459 est,
379 3375 416 3442 in
439 3375 660 3445 versionibus
684 3377 839 3466 graecis,
865 3376 1071 3467 ubicumque
1093 3376 1271 3468 particula
1294 3377 1387 3448 ista.

196 3483 441 3574 supprimitur,
460 3484 497 3553 in
521 3487 676 3557 favorem
698 3485 879 3556 haereseos
909 3486 1101 3556 Photianae
1136 3490 1267 3555 tactam
1291 3511 1385 3559 esso

195 3592 462 3662 mutilationem.

261 3699 333 3767 Imo
359 3704 542 3771 contextus
559 3701 632 3792 ipse
649 3702 904 3793 genuinitatem
921 3702 1116 3794 particulae
1133 3705 1379 3799 demonstrat;

194 3814 248 3877 est
271 3809 362 3878 enim
387 3811 558 3902 oppositio
583 3812 675 3880 inter
699 3812 957 3902 generationem
981 3811 1083 3897 Filii,
1112 3820 1285 3904 quatenus
1312 3825 1401 3885 est‘a

194 3941 216 3983 a
240 3918 347 3985 Patre
370 3919 454 4004 solo,
472 3925 507 3988 et
522 3921 615 3989 inter
631 3921 883 4010 processionem
899 3919 1055 4011 Spiritus
1071 3919 1133 4011 qui
1154 3945 1222 3987 non
1247 3947 1269 3989 a
1294 3922 1403 3991 eolo

262 4113 304 4188 (1)
326 4138 338 4165 a
358 4117 456 4173 Avent
474 4120 501 4173 le
521 4122 712 4188 quaternitme
732 4121 818 4175 siecle
847 4137 986 4189 personne
1016 4139 1050 4176 en
1081 4122 1209 4178 occident
1238 4140 1274 4179 ne
1305 4129 1406 4182 situ·

189 4205 294 4274 jamnis
314 4225 343 4262 ce
358 4208 491 4275 Symbola
510 4215 607 4265 contre
626 4213 669 4266 les
689 4212 783 4280 (trees,
801 4227 906 4281 preuve
925 4211 1058 4267 evidente
1078 4217 1107 4267 et
1134 4216 1414 4273 incontrastablae

193 4297 265 4361 qu’il
285 4298 357 4351 ttalt
376 4314 475 4353 encore
495 4317 585 4355 cornu
606 4318 640 4356 en
661 4304 777 4357 nombre
798 4302 955 4370 d’endroits
974 4320 1042 4358 sans
1061 4319 1090 4358 ce
1123 4307 1307 4372 supplement
1327 4303 1414 4380 (ei

187 4383 291 4529 d'lilc'o),
309 4403 343 4442 ou
364 4391 448 4455 qu'on
468 4406 498 4445 se
517 4391 621 4447 taieait
640 4394 770 4464 scrupulo
790 4391 824 4447 de
844 4394 917 4450 citer
937 4409 975 4449 un
994 4409 1116 4464 passage
1134 4409 1259 4450 reconna
1291 4401 1414 4466 pout

190 4490 207 4528 a
222 4479 283 4533 tere
300 4496 330 4550 p.
344 4479 408 4536 349.
975 4504 977 4513 ¹
