3120 4988
830 304 867 319 -
888 273 945 338 304
967 307 1005 320 -

337 381 540 462 vertuntur,
565 379 626 448 sed
646 379 791 471 insuper
815 380 1009 470 congeriem
1033 381 1218 473 quamdam
1241 381 1519 453 manifestarum

338 485 664 556 contradictionum.
1234 561 1239 575 ff

403 593 620 684 Suppositur
642 594 836 663 Ecclesiam
860 596 1061 664 universam
1084 595 1122 663 in
1146 596 1224 684 ipsa
1248 594 1458 667 definitione
1479 602 1517 664 et

336 702 548 790 professione
572 701 803 770 articulorum
819 703 901 770 fidei
917 726 1014 792 posse
1039 725 1157 771 errare
1173 711 1209 770 et
1223 726 1286 792 per
1309 703 1428 773 multa
1440 727 1517 779 sae-

336 810 416 879 cula
438 832 590 897 errasse;
618 811 769 902 adeoque
792 833 890 900 posse
912 811 1066 879 incidere
1097 817 1132 880 et
1165 811 1334 888 incidisse
1364 812 1407 879 in
1433 812 1517 882 hae-

335 917 459 999 resim,
486 939 573 1007 quae
596 917 795 985 incurritur
819 940 887 984 non
911 917 1022 986 solum
1046 917 1240 1007 profitendo
1270 917 1423 1005 falsumg
1451 920 1515 990 sed

337 1043 443 1112 aeque
467 1023 572 1090 etiam
597 1023 790 1094 definiendo
815 1047 855 1094 ac
878 1026 1097 1114 proponendo
1119 1026 1219 1095 velut
1243 1025 1434 1095 veritatem
1459 1050 1513 1109 re·

338 1132 505 1219 velatam,
524 1134 615 1224 quod
631 1133 826 1203 revelatum
850 1158 919 1203 non
941 1142 1013 1223 est3
1039 1136 1185 1224 proinde
1201 1136 1418 1226 supponitur
1434 1159 1515 1225 con·

337 1247 395 1311 tra
419 1242 613 1310 Ecclesiam
628 1241 709 1309 Iesu
725 1241 860 1310 Christi
883 1265 982 1332 posse
999 1243 1203 1332 praevalere
1216 1249 1254 1311 et
1269 1245 1511 1334 praevaluisse

336 1359 456 1443 portas
480 1351 606 1434 inferi,
633 1373 706 1418 eam
741 1373 840 1440 posse
864 1353 1038 1440 perirest
1062 1375 1082 1418 a
1105 1352 1228 1420 multis
1252 1352 1338 1430 iam,
1355 1354 1510 1439 saeculis

336 1459 495 1549 periisse.
521 1459 655 1540 Quodsi
681 1463 958 1529 «veteratoresn
985 1458 1049 1529 has
1072 1461 1332 1549 suppositiones
1354 1461 1426 1543 sibi
1448 1463 1510 1530 im-

335 1567 459 1637 merito
483 1567 637 1634 adscribi
660 1566 828 1650 dicerent,
847 1568 934 1635 haec
956 1569 1145 1656 abnegatio
1168 1568 1250 1638 inde
1265 1568 1389 1655 solum·
1404 1575 1504 1656 esset,

338 1675 420 1767 quia
443 1674 555 1761 ipsam
578 1673 752 1742 notionem
776 1672 981 1742 infallibilis
1005 1683 1040 1743 et
1059 1674 1312 1743 indefectibilis
1328 1675 1505 1754 Ecclesiae

334 1781 471 1857 ¹Christi
485 1781 553 1850 iam
567 1780 604 1848 iu
617 1780 824 1869 primaeuae
841 1787 955 1851 sectae
971 1780 1221 1867 constitutione
1236 1781 1429 1865 eiurarunt
1444 1783 1501 1871 (1).

335 1890 391 1959 Ex
413 1890 530 1959 eadem
554 1890 777 1979 perversione
799 1888 954 1957 notionis
976 1889 1155 1972 Ecclesiae
1180 1890 1295 1959 oritur
1312 1893 1502 1982 suppositio

337 2000 462 2086 altera,
479 1998 670 2067 Photiauos
694 2004 729 2067 et
753 2003 1000 2089 consequenter
1016 2004 1129 2067 sectas
1145 1998 1235 2067 alias
1252 2021 1384 2085 omnes,
1402 2023 1503 2092 quau·

336 2108 471 2177 tumvis
494 2114 623 2197 negent
645 2111 681 2176 ct
704 2107 804 2178 velut
826 2107 997 2176 haeresim
1020 2107 1185 2175 damnent
1208 2106 1393 2177 definitum
1423 2109 1502 2177 arti·

293 2232 297 2239 ·
338 2216 454 2284 culum
478 2215 580 2300 fidei,
606 2214 836 2285 nibilominus
860 2214 1077 2284 constituere
1099 2221 1233 2303 partem
1258 2237 1370 2285 verae·
1388 2217 1500 2293 Eccle-

338 2321 422 2390 siae.
447 2322 498 2391 De
522 2321 580 2391 his
601 2323 787 2409 repetenda
810 2328 904 2407 sunt,
931 2344 1021 2415 quae
1044 2322 1204 2410 superius
1229 2330 1261 2406 ᾗ.
1281 2322 1312 2392 Ι.
1339 2323 1498 2411 diximus

407 2596 449 2671 (1)
467 2599 745 2666 Pseudo-episcopus
773 2603 1022 2654 «veteratorum»
1044 2600 1190 2653 Hubertus
1212 2600 1365 2655 Reinkens
1389 2598 1422 2655 ln
1446 2600 1500 2656 sule

339 2688 480 2742 alitteris
500 2690 711 2757 pastoralibus,
727 2712 739 2738 n
766 2692 867 2757 quibus
888 2705 917 2742 se
937 2708 953 2743 a
971 2691 1097 2743 Romano
1115 2690 1253 2743 Pontifice
1273 2692 1304 2743 et
1323 2691 1361 2744 ab
1380 2692 1500 2744 omnlb'is

337 2779 487 2845 Episcopis
501 2779 585 2831 'orbis
598 2782 740 2831 terrarum
761 2779 884 2832 divisum
905 2797 918 2828 s
932 2780 1101 2846 Episcopum
1114 2780 1286 2833 catholicum
1299 2800 1313 2827 n
1335 2780 1501 2837 comenda

335 2870 386 2923 bat
399 2868 456 2940 (11.
471 2870 595 2936 Augusti
610 2868 714 2942 lasa),
734 2852 982 2937 sine'ambagibns
1002 2873 1161 2936 legitimum
1176 2872 1379 2940 Episcopatum
1398 2877 1429 2927 et
1444 2889 1500 2927 con·

337 2963 489 3027 sequenter
508 2961 664 3014 Ecclesiam
679 2979 700 3029 a
718 2963 818 3015 multis
837 2963 893 3014 iam
907 2962 1030 3014 saeculis
1049 2957 1181 3029 periisse,
1202 2965 1231 3013 et
1246 2978 1276 3014 sc
1293 2977 1370 3017 nunc
1382 2961 1500 3031 legitimi

337 3053 527 3121 Episcopatus
545 3054 766 3104 restauratorem
786 3066 847 3104 esse
861 3050 1026 3118 praedicare
1046 3067 1102 3104 non
1118 3054 1163 3104 est
1177 3051 1298 3106 veritus.
1317 3051 1502 3120 Conqueritur

340 3162 353 3188 u
368 3157 495 3194 eversam
515 3157 578 3194 esse
597 3143 780 3208 apostolicam
799 3142 1014 3206 legitimitatem
1034 3141 1274 3208 Episcopum.»
1299 3141 1330 3194 Sl
1351 3158 1391 3195 ss.
1405 3144 1502 3195 Patres

339 3246 413 3283 nunc
431 3234 627 3298 resurgerent,
649 3225 663 3278 a
677 3232 787 3284 nullius
799 3246 834 3282 ex
845 3231 975 3283 omnibns
985 3246 1060 3284 nunc
1069 3229 1237 3284 viventibus
1251 3230 1501 3298 EpiscopisEcole-
1523 3234 1525 3241 '

338 3322 399 3374 siae
409 3321 561 3387 Romanae,
570 3321 677 3388 lnquit,
688 3336 778 3387 neque
788 3321 880 3388 ipsius
891 3321 1025 3387 Episcopi
1037 3320 1116 3373 urbis
1127 3320 1231 3372 Romae
1243 3319 1413 3375 electionem
1423 3335 1502 3387 agno·

338 3415 452 3466 sacrent
470 3412 637 3476 legitimam.
655 3432 667 3459 n
694 3412 878 3465 Eversionem
900 3411 1098 3478 “apostolicae
1118 3409 1345 3465 constitutionis
1364 3413 1502 3481 episcopa·

336 3504 400 3556 lisa
421 3507 550 3568 coeptam
569 3501 680 3554 saeculo
693 3502 742 3554 Vl.
763 3500 877 3553 tandem
897 3502 1008 3555 saeculo
1022 3500 1073 3554 IX.
1093 3498 1182 3551 fnisse
1196 3499 1368 3567 absolutam,
1389 3504 1419 3554 et
1436 3515 1503 3565 nunc

240 3645 242 3650 a
333 3598 396 3646 *cut
414 3597 595 3661 praetensum
615 3592 738 3658 dogma»
760 3593 907 3646 sancitam.
932 3612 945 3638 u
957 3592 1023 3644 Cum
1043 3590 1099 3643 iam
1119 3590 1261 3642 Romanus
1274 3588 1414 3644 Pontifex
1433 3588 1465 3645 et'
1479 3589 1502 3644 ei

337 3675 479 3751 tamquam
498 3683 617 3736 Domino
638 3698 686 3735 suo
710 3682 829 3737 subiecti
854 3683 986 3750 Episcopi
1007 3679 1149 3734 divinitus
1173 3678 1344 3745 dispositam
1363 3680 1501 3734 constitu-

336 3777 442 3828 tionem
461 3773 593 3826 funditus
607 3775 775 3842 everterint,
796 3789 829 3825 aa
842 3774 960 3840 insuper
972 3772 1087 3826 verbnm
1101 3769 1163 3837 Dei,
1184 3774 1348 3836 contempta
1360 3770 1503 3838 Scriptura

335 3870 364 3919 et
383 3865 565 3931 Traditione,
590 3865 721 3916 humanis
743 3865 872 3917 inventis
894 3862 1074 3930 corruperint
1075 3898 1130 3915 .....
1154 3861 1244 3913 coacti
1267 3861 1385 3915 tandem
1403 3862 1499 3916 fuimus

298 3940 305 3962 i
334 3970 466 4010 revocare
478 3955 598 4006 formam
610 3955 795 4020 apostolicam
809 3952 959 4006 electionis
977 3952 1012 4004 ad
1031 3951 1249 4005 restaurandum
1263 3951 1499 4020 Episcopatum.»

333 4047 545 4099 Enumerantur
561 4044 662 4096 deinde
677 4044 760 4098 multi
776 4059 897 4109 errores,
913 4043 943 4094 in
957 4042 1062 4110 quibus
1075 4041 1211 4095 Pontifex
1225 4055 1287 4094 curn
1302 4042 1435 4095 omnibus
1449 4034 1509 4096 sibi

335 4134 427 4186 unitis
442 4133 590 4199 Episcopis
605 4133 731 4198 haerere,
751 4135 805 4183 cet
819 4131 905 4183 Sedes
918 4131 1084 4198 apostolica
1097 4132 1222 4183 Romana
1238 4144 1339 4182 vacare
1351 4151 1364 4178 n
1386 4113 1499 4198 dicitur,

336 4239 392 4291 qua
414 4238 472 4276 aex
488 4222 649 4276 universali
668 4221 855 4288 perditione»
877 4221 985 4275 salvati
1003 4224 1073 4273 sunt
1090 4221 1147 4274 soli
1165 4220 1213 4272 illi
1232 4218 1497 4291 (auctoratorum),

336 4314 386 4381 qui
406 4312 561 4366 audierunt
578 4327 673 4366 vocem
692 4313 805 4367 Domini
825 4312 955 4366 vocantis
974 4311 1104 4376 singulos
1126 4309 1164 4363 ad
1186 4308 1311 4370 liberum
1329 4326 1451 4376 examen
1468 4313 1497 4367 in

336 4405 420 4460 rebus
439 4403 504 4457 fidei
524 4406 556 4459 et=
570 4401 699 4459 morum(
1258 4422 1261 4427 ¹
