3120 4988
685 281 860 345 -298-

406 453 437 530 §-
457 444 540 514 VH.
563 446 740 533 Synthesis
767 446 873 510 totius
896 443 1145 530 daspetiacae

369 551 628 643 disquisitionis
661 552 704 618 ab
736 554 810 640 ipso
842 565 979 618 auctore
1008 562 1205 617 contecto.-

256 713 451 781 Bonnensis
475 713 659 802 theologus
695 740 710 774 u
728 711 1010 804 disquisitionem
1029 742 1044 775 s
1063 710 1219 779 absolvit
1240 715 1273 792 §-
1300 708 1348 777 32.

192 823 374 892 succincta
406 821 554 913 quadam
585 820 747 911 synthesi
773 821 882 888 totius
913 842 995 889 suae
1019 820 1200 888 doctrinae
1230 841 1292 887 seu
1311 841 1355 887 re-

192 920 453 1020 capitulatione,
472 931 510 999 in
526 952 607 1021 qua,
627 952 693 1022 quo
711 929 877 998 clariores
893 936 928 996 et
944 929 1021 1018 ipsa
1044 926 1221 996 brevitate
1251 926 1357 1015 magis

191 1041 395 1130 conspicuae
419 1044 502 1108 sunt
526 1038 731 1122 sententiae,
750 1060 788 1106 eo
804 1037 1003 1106 evidentius
1027 1037 1226 1127 prominent
1248 1059 1357 1105 omnes

71 1134 75 1143 ¹
191 1148 252 1217 vix
278 1148 463 1216 credibiles
488 1145 795 1215 contradictiones.
815 1145 947 1235 Operae
970 1166 1051 1233 ergo
1076 1145 1226 1234 pretium
1254 1144 1359 1213 fuerit

191 1254 282 1324 hanc
305 1253 634 1344 recapitulationem
651 1253 827 1343 integram
843 1252 1051 1338 describere,
1068 1262 1108 1320 ut
1130 1275 1172 1321 ex
1190 1274 1232 1322 ea
1254 1253 1359 1322 totins

196 1362 357 1452 opusculi
380 1362 514 1430 indoles
539 1385 606 1430 uno
630 1361 730 1431 velut
761 1361 895 1430 intuitu
920 1360 1168 1452 perspiciatur.
1270 1375 1271 1378 ’

258 1469 424 1537 Recitabc
440 1470 548 1538 verba
571 1468 649 1558 ipsa
672 1469 844 1554 auctoris,
865 1490 953 1559 quae
969 1462 1174 1558 praesertin
1192 1475 1275 1558 post
1295 1469 1361 1536 ani·

194 1575 452 1645 madversicnes
499 1576 669 1645 hactenus
715 1585 985 1666 praestructas,
1020 1576 1266 1646 commentario
1307 1577 1362 1647 vix

194 1681 366 1772 indigent.
389 1684 520 1773 Accipe
544 1685 661 1775 igitur
683 1685 958 1776 Neophotianam
974 1685 1080 1753 istam
1098 1685 1360 1774 perorationem.

260 1791 294 1859 1ο
320 1820 336 1853 u
356 1793 491 1881 Dogma
513 1816 576 1862 nec
595 1798 649 1861 est
671 1815 732 1862 nec
750 1816 823 1860 esse
840 1800 954 1881 potest
969 1791 1040 1859 nisi
1064 1791 1129 1860 hcc
1145 1814 1268 1876 unum,
1288 1792 1362 1881 spi-

193 1900 302 1970 ritum
327 1901 494 1970 Sanctum
520 1922 617 1968 suam
641 1899 828 1968 essentiam
852 1898 979 1968 habere
1003 1923 1024 1966 a
1047 1899 1164 1983 Patre,
1184 1906 1291 1993 atquc
1315 1901 1361 1971 id-

196 2008 291 2077 circo
314 2009 456 2078 eandem
474 2008 661 2077 essentiam
686 2031 762 2077 cum
778 2007 884 2076 Patre
907 2017 942 2076 et
958 2007 1063 2091 Filio,
1084 2007 1167 2099 quia
1182 2008 1271 2079 haec
1287 2016 1360 2078 tan-

195 2123 270 2184 tum
294 2116 453 2186 doctrina
477 2116 618 2184 definite
643 2116 842 2185 continetur
866 2117 903 2182 in
926 2138 1016 2183 novo
1046 2114 1296 2202 Testamento,
1329 2125 1362 2185 et

195 2223 334 2293 firmata
356 2231 411 2292 est
435 2224 593 2293 unanimi
617 2225 807 2294 traditione
830 2223 913 2294 fidei
937 2223 987 2311 (1)
1011 2223 1195 2291 orientalis
1218 2232 1255 2292 et
1279 2223 1363 2293 occi·

198 2331 352 2401 dentalis
373 2332 564 2402 Ecclesiae.
593 2364 608 2397 n

263 2438 299 2505 2⁰
325 2438 478 2531 «Aeque
501 2439 678 2508 unanimis
701 2447 778 2508 crat
800 2439 947 2508 traditio
971 2437 1168 2527 theologica
1192 2438 1229 2505 in
1255 2438 1363 2507 veteri

195 2541 354 2613 Ecclesia
370 2546 432 2632 (2),
452 2552 488 2613 et
510 2546 657 2614 subinde
674 2547 711 2614 in
735 2547 813 2635 ipsa
837 2545 995 2635 symbola
1012 2545 1094 2613 fidei
1118 2546 1267 2614 transiit
1290 2568 1362 2636 prc-

198 2652 317 2737 iessio‚
335 2653 472 2721 ratione
496 2653 646 2723 unitatis
661 2654 832 2723 essentiae
849 2653 990 2723 divinae
1007 2654 1059 2740 (in
1081 2653 1187 2722 Patre
1204 2662 1240 2722 et
1256 2652 1360 2739 Filio)

197 2756 369 2848 Spiritum
395 2761 562 2830 Sanctum
585 2761 767 2850 procedere
791 2783 811 2828 a
835 2763 940 2829 Patre
963 2783 1024 2848 per
1046 2759 1192 2828 Filium.
1211 2789 1227 2822 n

262 2867 337 2936 Iam
355 2869 444 2937 satis
457 2869 770 2937 demonstravimus
786 2891 853 2936 non
871 2868 986 2936 minus
1002 2867 1254 2957 processionem
1275 2865 1363 2936 aui-

196 2976 245 3044 lio
263 3000 366 3066 quam
383 2978 404 3044 ό,
420 2980 524 3046 Patre
547 2984 621 3046 tum
645 2970 811 3066 explicite
835 2977 950 3045 doceri
974 2975 1011 3043 in
1035 2976 1152 3045 verbis
1175 2974 1313 3043 Christi
1331 2979 1363 3042 et

196 3084 456 3174 Apostolorum,
472 3093 546 3153 tum
558 3085 729 3174 implicite
746 3085 936 3153 revelatam
951 3106 991 3151 ac
1004 3083 1148 3172 proinde
1165 3105 1186 3150 a
1202 3083 1362 3171 magiste-

197 3190 251 3259 rio
275 3193 431 3260 custodis
455 3193 605 3281 depositi
627 3190 866 3280 explicandam
892 3191 1062 3260 contineri
1087 3190 1124 3256 in
1147 3191 1310 3259 doctrina
1325 3190 1381 3257 ds.

198 3298 568 3366 consubstantialitate
581 3298 666 3367 etde
679 3297 908 3366 relationibus
917 3298 1117 3365 divinarum
1126 3319 1362 3385 personarum.

196 3406 336 3472 Pariter
352 3404 637 3490 demonstratum,
656 3411 691 3473 et
706 3405 812 3472 etiam
830 3427 891 3493 per
907 3427 943 3472 se
959 3404 1133 3472 notorium
1158 3412 1213 3472 est
1233 3405 1366 3473 iactum

197 3512 304 3581 huius
320 3513 568 3601 explicationis
588 3514 625 3581 in
643 3513 837 3583 universali
854 3513 1111 3602 praedicatione
1126 3511 1365 3581 ecclesiastica

197 3626 271 3688 tum
296 3630 377 3688 ente
401 3627 476 3689 tum
500 3621 693 3689 instantius
714 3629 792 3710 post
816 3628 926 3689 ortam
943 3621 1115 3690 haeresim
1140 3623 1362 3710 contrariam.

197 3726 347 3816 Insuper
371 3728 540 3797 directam
576 3728 801 3797 traditionem
826 3729 1000 3817 dogmatis
1034 3730 1072 3796 in
1107 3730 1310 3798 testimonio
1332 3735 1366 3797 et

198 3836 358 3905 doctrina
383 3839 534 3904 omnium
558 3838 703 3904 Petrum
725 3836 880 3905 vidimus
904 3844 975 3905 tam
992 3836 1204 3904 luculentam
1221 3860 1309 3923 esse,
1328 3843 1367 3905 ut

198 3943 260 4011 vix
284 3945 396 4012 ullum
421 3945 520 4012 aliud
545 3945 669 4034 dogma
691 3967 753 4034 pro
771 3966 810 4013 eo
834 3943 960 4028 stadio,
980 3967 1045 4036 quc
1069 3944 1225 4012 defensio
1245 3952 1365 4014 contra

198 4051 393 4120 haereticos
415 4053 566 4120 nondum
591 4060 668 4120 erat
691 4053 900 4137 necessaria,
920 4052 1102 4121 clariorem
1118 4057 1154 4121 et
1176 4053 1367 4145 pleniorem

270 4210 312 4286 (1)
330 4216 639 4271 Uebersinstimmende
658 4216 1024 4283 Glsubensfiberlieisrcug.
1080 4259 1081 4262 η

270 4300 312 4377 (2)
330 4305 441 4362 Ebenso
454 4307 741 4362 fibersinstimmsnds
753 4307 946 4372 theologische
965 4307 1200 4375 Ueberlicierung
1215 4309 1249 4363 in
1263 4308 1313 4364 der
1328 4305 1367 4364 al·

200 4398 250 4448 ten
268 4393 384 4451 Kircbs.
