3120 4988
814 189 852 203 -
873 156 892 219 6
912 191 950 205 -

786 283 939 405 ouans
956 336 987 402 1.

534 517 575 560 nn
598 518 771 564 remorans
794 500 1057 587 anausnnnmcrs
1080 521 1230 584 uacuam,

370 603 741 670 eu1aus1'sn1scn1uss
765 590 921 674 securos
935 629 1033 674 rreum
1057 628 1165 672 noomn
1189 629 1229 671 nn
1254 627 1407 671 sarsana

531 733 676 780 erramus
700 737 814 781 snscrr
838 738 1052 782 raocnssmsn
1075 739 1095 780 n
1120 738 1237 783 aaran.

370 906 542 988 Quamvis
573 909 748 979 Macarius
784 935 862 980 cum
892 912 1040 1003 reliquis
1064 912 1247 981 Photianis
1271 912 1392 1002 utique
1417 910 1469 975 fa-

303 1023 421 1083 teatur
446 1023 481 1083 et
504 1020 650 1087 maxime
674 1019 874 1104 contendat,
894 1020 1009 1089 doceri
1025 1022 1062 1087 in
1080 1020 1277 1109 Scripturis
1293 1027 1467 1087 aeternam

300 1124 551 1211 processionem
583 1125 740 1217 Spiritus
772 1128 894 1197 Sancti
919 1149 940 1195 a
963 1130 1087 1216 Patre3
1114 1129 1169 1196 aio
1204 1137 1340 1212 tamen,
1377 1125 1467 1192 hanc

300 1229 409 1319 ipsam
432 1233 661 1301 certissimam
684 1238 868 1304 veritatem
886 1236 1018 1326 abipso
1043 1259 1110 1303 non
1134 1232 1376 1317 demonstrari,
1402 1254 1466 1298 nec

301 1336 468 1408 adversus
502 1343 654 1410 Arianos
678 1351 714 1412 et
738 1343 941 1412 Socinianos
965 1329 1088 1412 'valide
1113 1341 1342 1412 demonstrari
1368 1359 1466 1428 posse

194 1509 200 1525 Χ
302 1445 463 1515 admissis
487 1450 671 1540 principiis
696 1449 982 1537 hermeneuticis,
1009 1453 1135 1544 quibus
1159 1451 1258 1519 homo
1283 1449 1399 1516 utitur
1422 1445 1466 1512 ad

302 1551 572 1645 detorquendam
598 1558 635 1625 in
659 1557 811 1626 alienum
836 1582 974 1628 sensum
991 1583 1031 1628 ac
1054 1559 1248 1648 negandam
1272 1554 1467 1625 doctrinam

302 1658 343 1725 de
367 1663 584 1747 processione
609 1665 765 1754 Spiritus
789 1665 895 1733 etiam
919 1688 940 1732 a
962 1665 1067 1750 Filio,
1084 1666 1122 1733 in
1141 1664 1336 1753 Scripturis
1360 1681 1466 1751 aeque

300 1762 500 1836 luculenter
522 1777 569 1854 et,
592 1771 704 1862 quoad
729 1772 842 1861 ipsius
866 1772 917 1840 rei
941 1772 1221 1862 descriptionem,
1238 1771 1344 1838 etiam
1367 1767 1465 1835 lucu-

299 1870 432 1941 lentius
455 1897 671 1965 expressam.-

369 1980 538 2062 Quoniam
563 1984 726 2073 dogmata
750 1985 893 2075 singula
916 1987 956 2054 de
982 1986 1045 2056 SS.
1073 1985 1265 2054 Trinitatis
1296 1979 1464 2072 mysterio

281 2088 424 2156 ,intime
447 2090 540 2159 inter
564 2115 599 2162 se
622 2091 828 2179 cohaerent,
862 2093 944 2162 hinc
967 2095 1028 2180 fit,
1056 2102 1096 2162 nt
1119 2117 1187 2161 uno
1212 2099 1337 2180 negato
1360 2088 1465 2156 etiam

303 2197 375 2263 alia
409 2197 676 2268 labefactentur.
710 2201 784 2270 Hoc
819 2200 934 2290 ipsum
965 2202 1095 2269 accidit
1125 2207 1244 2269 nostro
1279 2197 1461 2266 Photiano.

301 2306 426 2377 Voluit
449 2309 522 2399 ipse
546 2311 698 2378 retinere
720 2319 755 2379 et
780 2311 925 2399 probare
949 2331 1088 2377 sensum
1111 2309 1301 2399 genuinum
1329 2326 1463 2395 prooes-

287 2415 408 2482 sionis
432 2415 654 2487 immanentis
678 2426 714 2486 et
736 2425 898 2486 aeternae
921 2418 959 2485 in
977 2418 1092 2487 verbis
1108 2417 1255 2500 Christi,
1276 2411 1464 2502 uSpiritus

301 2524 437 2590 aPatre
460 2524 627 2612 procedit.
647 2551 664 2586 s
690 2523 804 2592 Simul
828 2546 910 2592 vero
935 2525 1150 2615 conquisivit
1165 2530 1201 2591 et
1217 2545 1259 2591 ex
1276 2521 1350 2588 suis
1366 2539 1465 2607 prae-

300 2629 540 2700 decessoribus
556 2632 743 2701 haereticis
760 2634 935 2721 congessit
951 2638 1160 2721 argumenta
1175 2633 1218 2698 ad
1234 2626 1461 2719 probandum,
1501 2687 1514 2703 ,

299 2739 414 2805 omnia
447 2739 524 2808 loca
548 2741 768 2831 Scripturae,
806 2741 994 2833 inquibus
1029 2740 1084 2809 sin
1109 2741 1223 2807 minus
1258 2733 1463 2807 vocabulum

300 2854 393 2915 certe
417 2869 473 2917 res
496 2849 573 2939 ipsa
597 2855 632 2918 et
655 2849 844 2939 descriptio
857 2852 1084 2936 processionis
1103 2849 1232 2916 ol'ilio
1249 2845 1461 2925 continetur,

297 2977 366 3024 non
402 2956 443 3025 de
477 2964 620 3026 aeterna
642 2959 710 3026 sed
744 2957 785 3025 de
820 2958 1031 3046 temporaria
1066 2957 1281 3047 processione
1307 2952 1464 3043 Spiritus

299 3065 445 3149 Sancti,
471 3074 507 3133 et
530 3066 571 3133 de
595 3065 961 3134 consubstantialitate
988 3066 1173 3133 dumtaxat
1196 3063 1353 3154 Spiritus
1385 3083 1461 3128 cum

297 3173 391 3241 Filio
414 3172 570 3262 intelligi
593 3196 692 3263 posse
715 3195 755 3241 ac
779 3173 912 3241 debere.

365 3279 399 3348 1⁰
420 3281 512 3348 Hinc
535 3280 711 3349 Macarius
735 3287 770 3348 et
792 3280 987 3349 universim
1003 3279 1167 3350 Photiani
1190 3280 1323 3369 nullam
1348 3278 1463 3345 decla-

299 3389 467 3458 rationem
502 3394 663 3457 aeternae
696 3387 927 3478 processionis
961 3388 1119 3478 Spiritus
1154 3388 1276 3457 Sancti
1306 3410 1327 3455 a
1356 3388 1461 3454 Patre

298 3497 524 3586 quantumvis
547 3499 768 3566 manifestam
790 3498 828 3565 in
851 3497 961 3566 sacris
984 3498 1117 3566 litteris
1141 3499 1381 3587 consignatam
1402 3495 1460 3562 ad·

298 3603 419 3672 hibere¹
447 3610 614 3693 possunt,
649 3606 680 3671 si
711 3603 901 3672 declaratio
932 3604 1048 3671 eadem
1072 3606 1109 3672 in
1135 3604 1331 3693 Scripturis
1354 3624 1461 3693 aeque

298 3713 497 3780 continetur
520 3713 560 3780 de
583 3712 799 3802 processione
824 3712 844 3777 a
867 3709 982 3798 Filio;
1009 3713 1067 3779 sed
1091 3720 1265 3802 coguntur
1288 3711 1380 3778 illud
1409 3733 1462 3777 so·
1491 3709 1494 3715 ’

298 3815 370 3886 lum
393 3824 429 3886 et
452 3821 593 3887 unicum
617 3819 657 3888 de
682 3825 824 3888 aeterna
848 3819 1064 3908 processione
1096 3821 1344 3911 interpretari,
1370 3821 1460 3911 quod

295 3926 411 3993 eodem
435 3927 532 3997 modo
556 3930 596 3998 de
613 3930 830 4019 processione
851 3951 871 3995 a
886 3927 980 3996 Filio
996 3929 1168 4018 scriptum
1185 3954 1253 3998 non
1269 3927 1457 4019 reperitur.

294 4031 368 4099 Iam
394 4057 475 4102 vero
499 4036 701 4105 huiusmodi
724 4037 761 4103 in
793 4035 879 4102 totis
904 4035 1101 4125 Scripturis
1131 4039 1267 4106 omnino
1290 4037 1383 4106 nihil
1407 4046 1461 4107 est

294 4147 434 4229 praeter
448 4145 590 4212 verbum
601 4143 782 4234 procedere
793 4141 1027 4212 materialiter
1044 4152 1236 4232 spectatum
1248 4146 1298 4214 Io.
1310 4148 1388 4218 XV.
1400 4150 1456 4216 26.

294 4247 444 4339 Reliqua
456 4249 546 4317 enim
565 4253 679 4322 omnia
694 4250 821 4341 quibus
833 4271 890 4318 res
902 4249 978 4338 ipsa
992 4252 1222 4339 processionis
1237 4255 1459 4327 immanentis
