<?xml version="1.0" encoding="UTF-8"?>
<!DOCTYPE html PUBLIC "-//W3C//DTD XHTML 1.0 Transitional//EN"
    "http://www.w3.org/TR/xhtml1/DTD/xhtml1-transitional.dtd">
<html xmlns="http://www.w3.org/1999/xhtml" xml:lang="en" lang="en">
 <head>
  <title>
</title>
<meta http-equiv="Content-Type" content="text/html;charset=utf-8" />
  <meta name='ocr-system' content='tesseract 3.04.00' />
  <meta name='ocr-capabilities' content='ocr_page ocr_carea ocr_par ocr_line ocrx_word'/>
</head>
<body>
  <div class='ocr_page' id='page_1' title='image "./ioannisbaptfran00frangoog_0217.png"; bbox 0 0 3120 4988; ppageno 0'>
   <div class='ocr_carea' id='block_1_1' title="bbox 177 211 1560 4404">
    <p class='ocr_par' dir='ltr' id='par_1_1' title="bbox 727 211 909 275">
     <span class='ocr_line' id='line_1_1' title="bbox 727 211 909 275; baseline -0.005 0"><span class='ocrx_word' id='word_1_1' title='bbox 727 236 765 261; x_wconf 90' lang='lat'>···</span> <span class='ocrx_word' id='word_1_2' title='bbox 782 211 848 275; x_wconf 67' lang='lat' dir='ltr'>ili</span> <span class='ocrx_word' id='word_1_3' title='bbox 865 245 909 258; x_wconf 89' lang='grc'>-</span> 
     </span>
    </p>

    <p class='ocr_par' dir='ltr' id='par_1_2' title="bbox 177 311 1475 2456">
     <span class='ocr_line' id='line_1_2' title="bbox 229 311 1398 419; baseline -0.001 -35"><span class='ocrx_word' id='word_1_4' title='bbox 229 321 368 409; x_wconf 89' lang='lat' dir='ltr'>praeter</span> <span class='ocrx_word' id='word_1_5' title='bbox 392 316 531 419; x_wconf 75' lang='lat' dir='ltr'>insigne</span> <span class='ocrx_word' id='word_1_6' title='bbox 555 313 646 382; x_wconf 91' lang='lat' dir='ltr'>illud</span> <span class='ocrx_word' id='word_1_7' title='bbox 669 315 896 396; x_wconf 81' lang='lat' dir='ltr'>mendacium,</span> <span class='ocrx_word' id='word_1_8' title='bbox 922 314 1104 404; x_wconf 88' lang='lat' dir='ltr'>antiquam</span> <span class='ocrx_word' id='word_1_9' title='bbox 1127 311 1325 382; x_wconf 73' lang='lat' dir='ltr'>Ecclesiam</span> <span class='ocrx_word' id='word_1_10' title='bbox 1345 312 1398 382; x_wconf 91' lang='lat' dir='ltr'>do·</span> 
     </span>
     <span class='ocr_line' id='line_1_3' title="bbox 230 421 1399 514; baseline -0.004 -20"><span class='ocrx_word' id='word_1_11' title='bbox 230 425 342 494; x_wconf 77' lang='lat' dir='ltr'>coisse</span> <span class='ocrx_word' id='word_1_12' title='bbox 366 427 614 514; x_wconf 87' lang='lat' dir='ltr'>processionem</span> <span class='ocrx_word' id='word_1_13' title='bbox 632 424 788 513; x_wconf 80' lang='lat' dir='ltr'>Spiritus</span> <span class='ocrx_word' id='word_1_14' title='bbox 813 449 834 489; x_wconf 88' lang='lat' dir='ltr'>a</span> <span class='ocrx_word' id='word_1_15' title='bbox 858 423 928 489; x_wconf 82' lang='lat' dir='ltr'>colo</span> <span class='ocrx_word' id='word_1_16' title='bbox 954 424 1073 504; x_wconf 80' lang='lat' dir='ltr'>Patre,</span> <span class='ocrx_word' id='word_1_17' title='bbox 1096 421 1231 489; x_wconf 82' lang='lat' dir='ltr'>Filium</span> <span class='ocrx_word' id='word_1_18' title='bbox 1246 444 1332 491; x_wconf 90' lang='lat' dir='ltr'>vero</span> <span class='ocrx_word' id='word_1_19' title='bbox 1351 422 1399 490; x_wconf 76' lang='lat' dir='ltr'>di,-</span> 
     </span>
     <span class='ocr_line' id='line_1_4' title="bbox 229 530 1397 622; baseline -0.003 -21"><span class='ocrx_word' id='word_1_20' title='bbox 229 534 364 622; x_wconf 85' lang='lat' dir='ltr'>stingui</span> <span class='ocrx_word' id='word_1_21' title='bbox 389 557 410 600; x_wconf 91' lang='lat' dir='ltr'>a</span> <span class='ocrx_word' id='word_1_22' title='bbox 434 533 572 622; x_wconf 84' lang='lat' dir='ltr'>Spiritu</span> <span class='ocrx_word' id='word_1_23' title='bbox 597 555 663 598; x_wconf 91' lang='lat' dir='ltr'>non</span> <span class='ocrx_word' id='word_1_24' title='bbox 689 539 730 598; x_wconf 92' lang='lat' dir='ltr'>ut</span> <span class='ocrx_word' id='word_1_25' title='bbox 753 531 965 621; x_wconf 90' lang='lat' dir='ltr'>principium</span> <span class='ocrx_word' id='word_1_26' title='bbox 988 553 1009 597; x_wconf 91' lang='lat' dir='ltr'>a</span> <span class='ocrx_word' id='word_1_27' title='bbox 1032 530 1252 619; x_wconf 77' lang='lat' dir='ltr'>procedente,</span> <span class='ocrx_word' id='word_1_28' title='bbox 1279 531 1341 598; x_wconf 89' lang='lat' dir='ltr'>sed</span> <span class='ocrx_word' id='word_1_29' title='bbox 1360 553 1397 608; x_wconf 51' lang='lat' dir='ltr'>,eo</span> 
     </span>
     <span class='ocr_line' id='line_1_5' title="bbox 229 638 1397 731; baseline -0.003 -22"><span class='ocrx_word' id='word_1_30' title='bbox 229 643 412 709; x_wconf 83' lang='lat' dir='ltr'>dumtaxat</span> <span class='ocrx_word' id='word_1_31' title='bbox 434 641 524 731; x_wconf 92' lang='lat' dir='ltr'>quod</span> <span class='ocrx_word' id='word_1_32' title='bbox 548 640 663 707; x_wconf 80' lang='lat' dir='ltr'>Filius</span> <span class='ocrx_word' id='word_1_33' title='bbox 688 662 708 705; x_wconf 90' lang='lat' dir='ltr'>a</span> <span class='ocrx_word' id='word_1_34' title='bbox 731 643 835 708; x_wconf 90' lang='lat' dir='ltr'>Patre</span> <span class='ocrx_word' id='word_1_35' title='bbox 859 647 1069 728; x_wconf 85' lang='lat' dir='ltr'>generetur,</span> <span class='ocrx_word' id='word_1_36' title='bbox 1096 638 1256 728; x_wconf 80' lang='lat' dir='ltr'>Spiritus</span> <span class='ocrx_word' id='word_1_37' title='bbox 1281 640 1326 706; x_wconf 89' lang='lat' dir='ltr'>ab</span> <span class='ocrx_word' id='word_1_38' title='bbox 1349 662 1397 706; x_wconf 87' lang='lat' dir='ltr'>eo·</span> 
     </span>
     <span class='ocr_line' id='line_1_6' title="bbox 228 748 1397 838; baseline -0.001 -24"><span class='ocrx_word' id='word_1_39' title='bbox 228 750 303 815; x_wconf 91' lang='lat' dir='ltr'>dem</span> <span class='ocrx_word' id='word_1_40' title='bbox 327 749 396 813; x_wconf 88' lang='lat' dir='ltr'>solo</span> <span class='ocrx_word' id='word_1_41' title='bbox 423 750 528 815; x_wconf 81' lang='lat' dir='ltr'>Putre</span> <span class='ocrx_word' id='word_1_42' title='bbox 551 749 725 835; x_wconf 87' lang='lat' dir='ltr'>procedat.</span> <span class='ocrx_word' id='word_1_43' title='bbox 753 749 865 838; x_wconf 87' lang='lat' dir='ltr'>Atqui</span> <span class='ocrx_word' id='word_1_44' title='bbox 889 749 980 815; x_wconf 90' lang='lat' dir='ltr'>hano</span> <span class='ocrx_word' id='word_1_45' title='bbox 1005 749 1258 837; x_wconf 88' lang='lat' dir='ltr'>processionem</span> <span class='ocrx_word' id='word_1_46' title='bbox 1283 772 1307 813; x_wconf 84' lang='lat' dir='ltr'>a</span> <span class='ocrx_word' id='word_1_47' title='bbox 1330 748 1397 813; x_wconf 82' lang='lat' dir='ltr'>solo</span> 
     </span>
     <span class='ocr_line' id='line_1_7' title="bbox 229 853 1398 945; baseline 0 -22"><span class='ocrx_word' id='word_1_48' title='bbox 229 857 335 923; x_wconf 85' lang='lat' dir='ltr'>Patre</span> <span class='ocrx_word' id='word_1_49' title='bbox 358 853 539 942; x_wconf 79' lang='lat' dir='ltr'>inscripsit</span> <span class='ocrx_word' id='word_1_50' title='bbox 552 854 690 945; x_wconf 86' lang='lat' dir='ltr'>quidem</span> <span class='ocrx_word' id='word_1_51' title='bbox 706 857 882 923; x_wconf 80' lang='lat' dir='ltr'>Macarius</span> <span class='ocrx_word' id='word_1_52' title='bbox 899 856 1051 943; x_wconf 84' lang='lat' dir='ltr'>singulis</span> <span class='ocrx_word' id='word_1_53' title='bbox 1065 853 1302 944; x_wconf 81' lang='lat' dir='ltr'>paragraphis</span> <span class='ocrx_word' id='word_1_54' title='bbox 1319 877 1398 923; x_wconf 85' lang='lat' dir='ltr'>suae</span> 
     </span>
     <span class='ocr_line' id='line_1_8' title="bbox 228 963 1398 1055; baseline -0.001 -24"><span class='ocrx_word' id='word_1_55' title='bbox 228 963 422 1053; x_wconf 83' lang='lat' dir='ltr'>farraginis</span> <span class='ocrx_word' id='word_1_56' title='bbox 446 963 738 1048; x_wconf 75' lang='lat' dir='ltr'>testimoniorum,</span> <span class='ocrx_word' id='word_1_57' title='bbox 758 963 817 1031; x_wconf 87' lang='lat' dir='ltr'>sed</span> <span class='ocrx_word' id='word_1_58' title='bbox 842 963 927 1055; x_wconf 89' lang='lat' dir='ltr'>quid</span> <span class='ocrx_word' id='word_1_59' title='bbox 951 963 1027 1030; x_wconf 89' lang='lat' dir='ltr'>veri</span> <span class='ocrx_word' id='word_1_60' title='bbox 1052 964 1180 1044; x_wconf 81' lang='lat' dir='ltr'>subsit,</span> <span class='ocrx_word' id='word_1_61' title='bbox 1207 963 1279 1032; x_wconf 86' lang='lat' dir='ltr'>iam</span> <span class='ocrx_word' id='word_1_62' title='bbox 1303 964 1398 1031; x_wconf 90' lang='lat' dir='ltr'>novi·</span> 
     </span>
     <span class='ocr_line' id='line_1_9' title="bbox 177 1070 1399 1159; baseline 0 -19"><span class='ocrx_word' id='word_1_63' title='bbox 177 1128 182 1150; x_wconf 84' lang='lat'><strong><em>.</em></strong></span> <span class='ocrx_word' id='word_1_64' title='bbox 228 1096 316 1141; x_wconf 90' lang='lat' dir='ltr'>mus.</span> <span class='ocrx_word' id='word_1_65' title='bbox 349 1072 461 1140; x_wconf 86' lang='lat' dir='ltr'>iniis</span> <span class='ocrx_word' id='word_1_66' title='bbox 486 1070 650 1154; x_wconf 84' lang='lat' dir='ltr'>nimirum</span> <span class='ocrx_word' id='word_1_67' title='bbox 686 1072 860 1155; x_wconf 89' lang='lat' dir='ltr'>omuibus,</span> <span class='ocrx_word' id='word_1_68' title='bbox 887 1072 916 1139; x_wconf 87' lang='lat' dir='ltr'>si</span> <span class='ocrx_word' id='word_1_69' title='bbox 942 1073 1091 1140; x_wconf 81' lang='lat' dir='ltr'>fortasse</span> <span class='ocrx_word' id='word_1_70' title='bbox 1113 1071 1272 1159; x_wconf 79' lang='lat' dir='ltr'>excipias</span> <span class='ocrx_word' id='word_1_71' title='bbox 1297 1094 1399 1140; x_wconf 88' lang='lat' dir='ltr'>unum</span> 
     </span>
     <span class='ocr_line' id='line_1_10' title="bbox 227 1177 1475 1248; baseline -0.003 -1"><span class='ocrx_word' id='word_1_72' title='bbox 227 1189 289 1248; x_wconf 90' lang='lat' dir='ltr'>aut</span> <span class='ocrx_word' id='word_1_73' title='bbox 312 1181 462 1248; x_wconf 90' lang='lat' dir='ltr'>alterum</span> <span class='ocrx_word' id='word_1_74' title='bbox 480 1180 720 1246; x_wconf 82' lang='lat' dir='ltr'>documentum</span> <span class='ocrx_word' id='word_1_75' title='bbox 736 1177 878 1246; x_wconf 90' lang='lat' dir='ltr'>aliunde</span> <span class='ocrx_word' id='word_1_76' title='bbox 896 1178 1108 1247; x_wconf 87' lang='lat' dir='ltr'>haereticum</span> <span class='ocrx_word' id='word_1_77' title='bbox 1125 1186 1161 1247; x_wconf 86' lang='lat' dir='ltr'>et</span> <span class='ocrx_word' id='word_1_78' title='bbox 1176 1177 1399 1248; x_wconf 85' lang='lat' dir='ltr'>anathemate</span> <span class='ocrx_word' id='word_1_79' title='bbox 1441 1234 1444 1238; x_wconf 92' lang='lat'>.</span> <span class='ocrx_word' id='word_1_80' title='bbox 1470 1239 1475 1243; x_wconf 85' lang='lat'>.</span> 
     </span>
     <span class='ocr_line' id='line_1_11' title="bbox 227 1287 1399 1377; baseline -0.002 -20"><span class='ocrx_word' id='word_1_81' title='bbox 227 1291 440 1370; x_wconf 87' lang='lat' dir='ltr'>damnatum,</span> <span class='ocrx_word' id='word_1_82' title='bbox 458 1287 598 1355; x_wconf 88' lang='lat' dir='ltr'>nullum</span> <span class='ocrx_word' id='word_1_83' title='bbox 622 1293 675 1354; x_wconf 90' lang='lat' dir='ltr'>est</span> <span class='ocrx_word' id='word_1_84' title='bbox 700 1288 890 1377; x_wconf 85' lang='lat' dir='ltr'>vestigium</span> <span class='ocrx_word' id='word_1_85' title='bbox 915 1288 1021 1355; x_wconf 79' lang='lat' dir='ltr'>istius</span> <span class='ocrx_word' id='word_1_86' title='bbox 1045 1288 1246 1375; x_wconf 78' lang='lat' dir='ltr'>negationis</span> <span class='ocrx_word' id='word_1_87' title='bbox 1261 1287 1399 1356; x_wconf 82' lang='lat' dir='ltr'>Photis·</span> 
     </span>
     <span class='ocr_line' id='line_1_12' title="bbox 226 1393 1400 1486; baseline -0.002 -22"><span class='ocrx_word' id='word_1_88' title='bbox 226 1420 303 1482; x_wconf 81' lang='lat' dir='ltr'>nae3</span> <span class='ocrx_word' id='word_1_89' title='bbox 323 1397 359 1462; x_wconf 93' lang='lat' dir='ltr'>in</span> <span class='ocrx_word' id='word_1_90' title='bbox 384 1395 561 1486; x_wconf 89' lang='lat' dir='ltr'>plerisque</span> <span class='ocrx_word' id='word_1_91' title='bbox 576 1395 622 1482; x_wconf 89' lang='lat' dir='ltr'>(si</span> <span class='ocrx_word' id='word_1_92' title='bbox 646 1393 683 1462; x_wconf 93' lang='lat' dir='ltr'>in</span> <span class='ocrx_word' id='word_1_93' title='bbox 708 1397 805 1462; x_wconf 86' lang='lat' dir='ltr'>fonte</span> <span class='ocrx_word' id='word_1_94' title='bbox 821 1395 897 1483; x_wconf 88' lang='lat' dir='ltr'>ipso</span> <span class='ocrx_word' id='word_1_95' title='bbox 913 1404 948 1462; x_wconf 91' lang='lat' dir='ltr'>et</span> <span class='ocrx_word' id='word_1_96' title='bbox 965 1401 1130 1464; x_wconf 85' lang='lat' dir='ltr'>contextu</span> <span class='ocrx_word' id='word_1_97' title='bbox 1147 1395 1400 1483; x_wconf 75' lang='lat' dir='ltr'>inspiciantur)</span> 
     </span>
     <span class='ocr_line' id='line_1_13' title="bbox 227 1502 1398 1592; baseline 0.001 -22"><span class='ocrx_word' id='word_1_98' title='bbox 227 1503 403 1592; x_wconf 86' lang='lat' dir='ltr'>reperitur</span> <span class='ocrx_word' id='word_1_99' title='bbox 428 1502 524 1571; x_wconf 88' lang='lat' dir='ltr'>clara</span> <span class='ocrx_word' id='word_1_100' title='bbox 548 1503 716 1591; x_wconf 85' lang='lat' dir='ltr'>professio</span> <span class='ocrx_word' id='word_1_101' title='bbox 740 1502 920 1570; x_wconf 87' lang='lat' dir='ltr'>doctrinae</span> <span class='ocrx_word' id='word_1_102' title='bbox 944 1502 1149 1571; x_wconf 87' lang='lat' dir='ltr'>catholicae.</span> <span class='ocrx_word' id='word_1_103' title='bbox 1176 1504 1343 1575; x_wconf 81' lang='lat' dir='ltr'>Ceterum</span> <span class='ocrx_word' id='word_1_104' title='bbox 1359 1503 1398 1571; x_wconf 87' lang='lat' dir='ltr'>ad</span> 
     </span>
     <span class='ocr_line' id='line_1_14' title="bbox 228 1608 1398 1700; baseline 0 -24"><span class='ocrx_word' id='word_1_105' title='bbox 228 1609 493 1700; x_wconf 86' lang='lat' dir='ltr'>oppugnandam</span> <span class='ocrx_word' id='word_1_106' title='bbox 523 1617 678 1678; x_wconf 89' lang='lat' dir='ltr'>nostram</span> <span class='ocrx_word' id='word_1_107' title='bbox 702 1608 933 1676; x_wconf 80' lang='lat' dir='ltr'>deductionem</span> <span class='ocrx_word' id='word_1_108' title='bbox 957 1609 1121 1677; x_wconf 85' lang='lat' dir='ltr'>veritatis</span> <span class='ocrx_word' id='word_1_109' title='bbox 1148 1632 1190 1678; x_wconf 89' lang='lat' dir='ltr'>ex</span> <span class='ocrx_word' id='word_1_110' title='bbox 1214 1610 1398 1699; x_wconf 83' lang='lat' dir='ltr'>principiis</span> 
     </span>
     <span class='ocr_line' id='line_1_15' title="bbox 227 1717 1397 1807; baseline 0 -21"><span class='ocrx_word' id='word_1_111' title='bbox 227 1717 415 1800; x_wconf 87' lang='lat' dir='ltr'>revelatis,</span> <span class='ocrx_word' id='word_1_112' title='bbox 440 1725 614 1806; x_wconf 88' lang='lat' dir='ltr'>oporteret</span> <span class='ocrx_word' id='word_1_113' title='bbox 638 1717 694 1786; x_wconf 88' lang='lat' dir='ltr'>vel</span> <span class='ocrx_word' id='word_1_114' title='bbox 719 1740 821 1785; x_wconf 90' lang='lat' dir='ltr'>unam</span> <span class='ocrx_word' id='word_1_115' title='bbox 845 1740 887 1787; x_wconf 81' lang='lat' dir='ltr'>ex</span> <span class='ocrx_word' id='word_1_116' title='bbox 911 1719 1028 1788; x_wconf 88' lang='lat' dir='ltr'>tribus</span> <span class='ocrx_word' id='word_1_117' title='bbox 1061 1718 1277 1786; x_wconf 88' lang='lat' dir='ltr'>veritatibus</span> <span class='ocrx_word' id='word_1_118' title='bbox 1304 1740 1397 1807; x_wconf 85' lang='lat' dir='ltr'>prae·</span> 
     </span>
     <span class='ocr_line' id='line_1_16' title="bbox 228 1826 1396 1916; baseline 0.003 -24"><span class='ocrx_word' id='word_1_119' title='bbox 228 1826 344 1893; x_wconf 86' lang='lat' dir='ltr'>missis</span> <span class='ocrx_word' id='word_1_120' title='bbox 368 1827 492 1893; x_wconf 82' lang='lat' dir='ltr'>falsam</span> <span class='ocrx_word' id='word_1_121' title='bbox 517 1826 765 1908; x_wconf 90' lang='lat' dir='ltr'>demonstrare,</span> <span class='ocrx_word' id='word_1_122' title='bbox 784 1826 840 1894; x_wconf 90' lang='lat' dir='ltr'>vel</span> <span class='ocrx_word' id='word_1_123' title='bbox 863 1826 1087 1916; x_wconf 88' lang='lat' dir='ltr'>illegitimam</span> <span class='ocrx_word' id='word_1_124' title='bbox 1112 1827 1298 1896; x_wconf 86' lang='lat' dir='ltr'>ostendere</span> <span class='ocrx_word' id='word_1_125' title='bbox 1323 1851 1396 1896; x_wconf 91' lang='lat' dir='ltr'>cou-</span> 
     </span>
     <span class='ocr_line' id='line_1_17' title="bbox 228 1934 1399 2026; baseline 0 -24"><span class='ocrx_word' id='word_1_126' title='bbox 228 1934 593 2026; x_wconf 65' lang='lat' dir='ltr'>sequeutiam.,Atqui</span> <span class='ocrx_word' id='word_1_127' title='bbox 624 1935 717 2002; x_wconf 91' lang='lat' dir='ltr'>illud</span> <span class='ocrx_word' id='word_1_128' title='bbox 748 1934 847 2023; x_wconf 90' lang='lat' dir='ltr'>prius</span> <span class='ocrx_word' id='word_1_129' title='bbox 881 1934 958 2003; x_wconf 89' lang='lat' dir='ltr'>fieri</span> <span class='ocrx_word' id='word_1_130' title='bbox 993 1957 1061 2001; x_wconf 89' lang='lat' dir='ltr'>non</span> <span class='ocrx_word' id='word_1_131' title='bbox 1083 1941 1210 2022; x_wconf 89' lang='lat' dir='ltr'>potest,</span> <span class='ocrx_word' id='word_1_132' title='bbox 1238 1936 1399 2024; x_wconf 80' lang='lat' dir='ltr'>quonian</span> 
     </span>
     <span class='ocr_line' id='line_1_18' title="bbox 229 2041 1402 2130; baseline -0.001 -21"><span class='ocrx_word' id='word_1_133' title='bbox 229 2048 303 2109; x_wconf 89' lang='lat' dir='ltr'>tres</span> <span class='ocrx_word' id='word_1_134' title='bbox 319 2042 400 2108; x_wconf 90' lang='lat' dir='ltr'>illas</span> <span class='ocrx_word' id='word_1_135' title='bbox 418 2044 585 2110; x_wconf 87' lang='lat' dir='ltr'>veritates</span> <span class='ocrx_word' id='word_1_136' title='bbox 602 2043 779 2130; x_wconf 90' lang='lat' dir='ltr'>pertinere</span> <span class='ocrx_word' id='word_1_137' title='bbox 794 2043 838 2109; x_wconf 89' lang='lat' dir='ltr'>ad</span> <span class='ocrx_word' id='word_1_138' title='bbox 856 2041 964 2130; x_wconf 87' lang='lat' dir='ltr'>ipsam</span> <span class='ocrx_word' id='word_1_139' title='bbox 979 2041 1150 2110; x_wconf 90' lang='lat' dir='ltr'>internam</span> <span class='ocrx_word' id='word_1_140' title='bbox 1168 2043 1402 2110; x_wconf 72' lang='lat' dir='ltr'>oeconomicus</span> 
     </span>
     <span class='ocr_line' id='line_1_19' title="bbox 228 2135 1405 2236; baseline -0.001 -20"><span class='ocrx_word' id='word_1_141' title='bbox 228 2144 291 2216; x_wconf 89' lang='lat' dir='ltr'>SS.</span> <span class='ocrx_word' id='word_1_142' title='bbox 312 2148 512 2229; x_wconf 80' lang='lat' dir='ltr'>Trinitatis,</span> <span class='ocrx_word' id='word_1_143' title='bbox 531 2170 572 2214; x_wconf 82' lang='lat' dir='ltr'>ex</span> <span class='ocrx_word' id='word_1_144' title='bbox 596 2148 728 2215; x_wconf 91' lang='lat' dir='ltr'>diserta</span> <span class='ocrx_word' id='word_1_145' title='bbox 750 2150 962 2236; x_wconf 82' lang='lat' dir='ltr'>professione</span> <span class='ocrx_word' id='word_1_146' title='bbox 978 2149 1110 2217; x_wconf 82' lang='lat' dir='ltr'>veteris</span> <span class='ocrx_word' id='word_1_147' title='bbox 1125 2135 1310 2215; x_wconf 82' lang='lat' dir='ltr'>Ecclesiae</span> <span class='ocrx_word' id='word_1_148' title='bbox 1326 2148 1405 2218; x_wconf 89' lang='lat' dir='ltr'>suis</span> 
     </span>
     <span class='ocr_line' id='line_1_20' title="bbox 227 2255 1408 2348; baseline 0.001 -25"><span class='ocrx_word' id='word_1_149' title='bbox 227 2255 313 2324; x_wconf 91' lang='lat' dir='ltr'>locis</span> <span class='ocrx_word' id='word_1_150' title='bbox 336 2256 669 2343; x_wconf 86' lang='lat' dir='ltr'>demonstravimus;</span> <span class='ocrx_word' id='word_1_151' title='bbox 696 2258 941 2348; x_wconf 86' lang='lat' dir='ltr'>consequentia</span> <span class='ocrx_word' id='word_1_152' title='bbox 963 2266 1079 2325; x_wconf 88' lang='lat' dir='ltr'>autem</span> <span class='ocrx_word' id='word_1_153' title='bbox 1103 2257 1228 2348; x_wconf 86' lang='lat' dir='ltr'>cuique</span> <span class='ocrx_word' id='word_1_154' title='bbox 1253 2257 1408 2326; x_wconf 78' lang='lat' dir='ltr'>evidens</span> 
     </span>
     <span class='ocr_line' id='line_1_21' title="bbox 228 2365 1022 2456; baseline 0.001 -23"><span class='ocrx_word' id='word_1_155' title='bbox 228 2373 292 2448; x_wconf 87' lang='lat' dir='ltr'>est,</span> <span class='ocrx_word' id='word_1_156' title='bbox 319 2365 380 2456; x_wconf 89' lang='lat' dir='ltr'>qui</span> <span class='ocrx_word' id='word_1_157' title='bbox 405 2366 553 2432; x_wconf 86' lang='lat' dir='ltr'>rationis</span> <span class='ocrx_word' id='word_1_158' title='bbox 577 2365 691 2433; x_wconf 92' lang='lat' dir='ltr'>adhuc</span> <span class='ocrx_word' id='word_1_159' title='bbox 716 2365 847 2433; x_wconf 90' lang='lat' dir='ltr'>lumine</span> <span class='ocrx_word' id='word_1_160' title='bbox 871 2374 1022 2435; x_wconf 88' lang='lat' dir='ltr'>utatur.</span> 
     </span>
    </p>

    <p class='ocr_par' dir='ltr' id='par_1_3' title="bbox 230 2473 1519 2673">
     <span class='ocr_line' id='line_1_22' title="bbox 294 2473 1519 2596; baseline 0.002 -56"><span class='ocrx_word' id='word_1_161' title='bbox 294 2473 343 2542; x_wconf 76' lang='lat'>2⁰.</span> <span class='ocrx_word' id='word_1_162' title='bbox 363 2473 463 2540; x_wconf 90' lang='lat' dir='ltr'>Iam</span> <span class='ocrx_word' id='word_1_163' title='bbox 453 2473 680 2564; x_wconf 86' lang='lat' dir='ltr'>1nspioiamus</span> <span class='ocrx_word' id='word_1_164' title='bbox 696 2482 752 2541; x_wconf 91' lang='lat' dir='ltr'>rat</span> <span class='ocrx_word' id='word_1_165' title='bbox 755 2474 849 2543; x_wconf 90' lang='lat' dir='ltr'>iones</span> <span class='ocrx_word' id='word_1_166' title='bbox 866 2475 1080 2565; x_wconf 88' lang='lat' dir='ltr'>theologicas</span> <span class='ocrx_word' id='word_1_167' title='bbox 1091 2473 1240 2544; x_wconf 84' lang='lat' dir='ltr'>Macarii</span> <span class='ocrx_word' id='word_1_168' title='bbox 1256 2497 1324 2564; x_wconf 87' lang='lat' dir='ltr'>pro</span> <span class='ocrx_word' id='word_1_169' title='bbox 1343 2493 1519 2596; x_wconf 57' lang='lat' dir='ltr'>aaa:</span> 
     </span>
     <span class='ocr_line' id='line_1_23' title="bbox 230 2581 859 2673; baseline 0.006 -25"><span class='ocrx_word' id='word_1_170' title='bbox 230 2581 378 2663; x_wconf 87' lang='lat' dir='ltr'>haeresi,</span> <span class='ocrx_word' id='word_1_171' title='bbox 406 2604 491 2672; x_wconf 91' lang='lat' dir='ltr'>quas</span> <span class='ocrx_word' id='word_1_172' title='bbox 515 2583 669 2673; x_wconf 87' lang='lat' dir='ltr'>quinque</span> <span class='ocrx_word' id='word_1_173' title='bbox 692 2588 859 2652; x_wconf 86' lang='lat' dir='ltr'>recenset.</span> 
     </span>
    </p>

    <p class='ocr_par' dir='ltr' id='par_1_4' title="bbox 227 2689 1543 3300">
     <span class='ocr_line' id='line_1_24' title="bbox 295 2689 1524 2779; baseline 0.007 -23"><span class='ocrx_word' id='word_1_174' title='bbox 295 2694 331 2778; x_wconf 84' lang='lat' dir='ltr'>a)</span> <span class='ocrx_word' id='word_1_175' title='bbox 355 2689 489 2779; x_wconf 89' lang='lat' dir='ltr'>Spirat</span> <span class='ocrx_word' id='word_1_176' title='bbox 479 2713 512 2756; x_wconf 94' lang='lat'>10</span> <span class='ocrx_word' id='word_1_177' title='bbox 536 2690 573 2758; x_wconf 93' lang='lat' dir='ltr'>in</span> <span class='ocrx_word' id='word_1_178' title='bbox 597 2692 663 2758; x_wconf 89' lang='lat' dir='ltr'>Pat</span> <span class='ocrx_word' id='word_1_179' title='bbox 649 2699 701 2758; x_wconf 89' lang='lat' dir='ltr'>tre</span> <span class='ocrx_word' id='word_1_180' title='bbox 725 2712 792 2758; x_wconf 92' lang='lat' dir='ltr'>non</span> <span class='ocrx_word' id='word_1_181' title='bbox 817 2698 872 2759; x_wconf 87' lang='lat' dir='ltr'>eat</span> <span class='ocrx_word' id='word_1_182' title='bbox 895 2695 949 2758; x_wconf 88' lang='lat' dir='ltr'>att</span> <span class='ocrx_word' id='word_1_183' title='bbox 934 2690 1048 2758; x_wconf 91' lang='lat' dir='ltr'>tribut</span> <span class='ocrx_word' id='word_1_184' title='bbox 1033 2697 1108 2759; x_wconf 87' lang='lat' dir='ltr'>tum</span> <span class='ocrx_word' id='word_1_185' title='bbox 1130 2691 1322 2778; x_wconf 80' lang='lat' dir='ltr'>essentiae,</span> <span class='ocrx_word' id='word_1_186' title='bbox 1356 2717 1441 2764; x_wconf 67' lang='lat' dir='ltr'>sea</span> <span class='ocrx_word' id='word_1_187' title='bbox 1511 2704 1524 2716; x_wconf 85' lang='lat'><strong><em>‘</em></strong></span> 
     </span>
     <span class='ocr_line' id='line_1_25' title="bbox 229 2798 1533 2892; baseline 0.004 -25"><span class='ocrx_word' id='word_1_188' title='bbox 229 2820 292 2867; x_wconf 89' lang='lat' dir='ltr'>cus</span> <span class='ocrx_word' id='word_1_189' title='bbox 316 2821 357 2866; x_wconf 86' lang='lat' dir='ltr'>ea</span> <span class='ocrx_word' id='word_1_190' title='bbox 379 2807 469 2866; x_wconf 87' lang='lat' dir='ltr'>esset</span> <span class='ocrx_word' id='word_1_191' title='bbox 486 2800 676 2867; x_wconf 82' lang='lat' dir='ltr'>communis</span> <span class='ocrx_word' id='word_1_192' title='bbox 700 2801 807 2866; x_wconf 81' lang='lat' dir='ltr'>etiam</span> <span class='ocrx_word' id='word_1_193' title='bbox 825 2798 977 2888; x_wconf 88' lang='lat' dir='ltr'>Spiritui</span> <span class='ocrx_word' id='word_1_194' title='bbox 995 2799 1134 2886; x_wconf 82' lang='lat' dir='ltr'>Sancto;</span> <span class='ocrx_word' id='word_1_195' title='bbox 1153 2821 1237 2888; x_wconf 89' lang='lat' dir='ltr'>ergo</span> <span class='ocrx_word' id='word_1_196' title='bbox 1257 2807 1317 2869; x_wconf 90' lang='lat' dir='ltr'>eet</span> <span class='ocrx_word' id='word_1_197' title='bbox 1332 2807 1533 2892; x_wconf 55' lang='lat' dir='ltr'>prof</span> 
     </span>
     <span class='ocr_line' id='line_1_26' title="bbox 227 2899 1543 3030; baseline 0.008 -58"><span class='ocrx_word' id='word_1_198' title='bbox 227 2905 359 2995; x_wconf 82' lang='lat' dir='ltr'>pristas</span> <span class='ocrx_word' id='word_1_199' title='bbox 383 2907 589 2993; x_wconf 85' lang='lat' dir='ltr'>personalis.</span> <span class='ocrx_word' id='word_1_200' title='bbox 613 2907 727 2998; x_wconf 89' lang='lat' dir='ltr'>Atqui</span> <span class='ocrx_word' id='word_1_201' title='bbox 751 2907 944 2996; x_wconf 86' lang='lat' dir='ltr'>personalis</span> <span class='ocrx_word' id='word_1_202' title='bbox 969 2907 1165 3030; x_wconf 85' lang='lat' dir='ltr'>proprietas</span> <span class='ocrx_word' id='word_1_203' title='bbox 1188 2907 1316 2977; x_wconf 82' lang='lat' dir='ltr'>Patris</span> <span class='ocrx_word' id='word_1_204' title='bbox 1341 2899 1543 2981; x_wconf 54' lang='lat' dir='ltr'>nou)</span> 
     </span>
     <span class='ocr_line' id='line_1_27' title="bbox 227 3014 1545 3104; baseline 0.009 -25"><span class='ocrx_word' id='word_1_205' title='bbox 227 3023 343 3102; x_wconf 89' lang='lat' dir='ltr'>potest</span> <span class='ocrx_word' id='word_1_206' title='bbox 367 3021 497 3102; x_wconf 86' lang='lat' dir='ltr'>compet</span> <span class='ocrx_word' id='word_1_207' title='bbox 500 3037 556 3082; x_wconf 89' lang='lat' dir='ltr'>ere</span> <span class='ocrx_word' id='word_1_208' title='bbox 590 3015 661 3081; x_wconf 91' lang='lat' dir='ltr'>nisi</span> <span class='ocrx_word' id='word_1_209' title='bbox 686 3014 752 3082; x_wconf 85' lang='lat' dir='ltr'>soli</span> <span class='ocrx_word' id='word_1_210' title='bbox 775 3014 900 3097; x_wconf 86' lang='lat' dir='ltr'>Patri,</span> <span class='ocrx_word' id='word_1_211' title='bbox 926 3015 1009 3104; x_wconf 91' lang='lat' dir='ltr'>quia</span> <span class='ocrx_word' id='word_1_212' title='bbox 1033 3037 1180 3104; x_wconf 87' lang='lat' dir='ltr'>persona</span> <span class='ocrx_word' id='word_1_213' title='bbox 1203 3015 1332 3088; x_wconf 85' lang='lat' dir='ltr'>Patris</span> <span class='ocrx_word' id='word_1_214' title='bbox 1357 3019 1545 3090; x_wconf 56' lang='lat' dir='ltr'>dir</span> 
     </span>
     <span class='ocr_line' id='line_1_28' title="bbox 228 3121 1444 3220; baseline 0.005 -30"><span class='ocrx_word' id='word_1_215' title='bbox 228 3122 429 3210; x_wconf 83' lang='lat' dir='ltr'>stinguitur</span> <span class='ocrx_word' id='word_1_216' title='bbox 453 3145 474 3188; x_wconf 92' lang='lat' dir='ltr'>a</span> <span class='ocrx_word' id='word_1_217' title='bbox 496 3122 589 3190; x_wconf 84' lang='lat' dir='ltr'>Filio</span> <span class='ocrx_word' id='word_1_218' title='bbox 612 3128 649 3190; x_wconf 89' lang='lat' dir='ltr'>et</span> <span class='ocrx_word' id='word_1_219' title='bbox 665 3121 803 3212; x_wconf 85' lang='lat' dir='ltr'>Spiritu</span> <span class='ocrx_word' id='word_1_220' title='bbox 819 3121 927 3191; x_wconf 88' lang='lat' dir='ltr'>Sanct</span> <span class='ocrx_word' id='word_1_221' title='bbox 913 3128 960 3190; x_wconf 93' lang='lat' dir='ltr'>t.o</span> <span class='ocrx_word' id='word_1_222' title='bbox 978 3122 1074 3212; x_wconf 83' lang='lat' dir='ltr'>Ergo</span> <span class='ocrx_word' id='word_1_223' title='bbox 1091 3124 1241 3214; x_wconf 86' lang='lat' dir='ltr'>spiratio</span> <span class='ocrx_word' id='word_1_224' title='bbox 1256 3129 1444 3220; x_wconf 64' lang='lat' dir='ltr'>propris&gt;</span> 
     </span>
     <span class='ocr_line' id='line_1_29' title="bbox 228 3230 509 3300; baseline -0.007 -2"><span class='ocrx_word' id='word_1_225' title='bbox 228 3239 282 3300; x_wconf 91' lang='lat' dir='ltr'>est</span> <span class='ocrx_word' id='word_1_226' title='bbox 306 3230 372 3297; x_wconf 87' lang='lat' dir='ltr'>soli</span> <span class='ocrx_word' id='word_1_227' title='bbox 396 3231 509 3298; x_wconf 88' lang='lat' dir='ltr'>Patri.</span> 
     </span>
    </p>

    <p class='ocr_par' dir='ltr' id='par_1_5' title="bbox 226 3337 1560 4404">
     <span class='ocr_line' id='line_1_30' title="bbox 294 3337 1554 3430; baseline 0.009 -24"><span class='ocrx_word' id='word_1_228' title='bbox 294 3341 483 3428; x_wconf 79' lang='lat' dir='ltr'>Discinpuo</span> <span class='ocrx_word' id='word_1_229' title='bbox 508 3341 691 3404; x_wconf 79' lang='lat' dir='ltr'>maiorem:</span> <span class='ocrx_word' id='word_1_230' title='bbox 717 3338 748 3405; x_wconf 88' lang='lat' dir='ltr'>si</span> <span class='ocrx_word' id='word_1_231' title='bbox 772 3339 909 3408; x_wconf 86' lang='lat' dir='ltr'>nomine</span> <span class='ocrx_word' id='word_1_232' title='bbox 942 3339 1171 3428; x_wconf 87' lang='lat' dir='ltr'>proprietatis</span> <span class='ocrx_word' id='word_1_233' title='bbox 1206 3347 1452 3430; x_wconf 71' lang='lat' dir='ltr'>personali9</span> <span class='ocrx_word' id='word_1_234' title='bbox 1533 3337 1554 3363; x_wconf 61' lang='lat'>‘*</span> 
     </span>
     <span class='ocr_line' id='line_1_31' title="bbox 228 3442 1558 3538; baseline 0.008 -22"><span class='ocrx_word' id='word_1_235' title='bbox 228 3449 448 3538; x_wconf 81' lang='lat' dir='ltr'>intelligitur</span> <span class='ocrx_word' id='word_1_236' title='bbox 471 3447 596 3515; x_wconf 90' lang='lat' dir='ltr'>relatio</span> <span class='ocrx_word' id='word_1_237' title='bbox 626 3447 790 3531; x_wconf 89' lang='lat' dir='ltr'>interna,</span> <span class='ocrx_word' id='word_1_238' title='bbox 817 3467 906 3537; x_wconf 88' lang='lat' dir='ltr'>quae</span> <span class='ocrx_word' id='word_1_239' title='bbox 927 3469 967 3515; x_wconf 92' lang='lat' dir='ltr'>eo</span> <span class='ocrx_word' id='word_1_240' title='bbox 990 3447 1066 3536; x_wconf 86' lang='lat' dir='ltr'>ipso</span> <span class='ocrx_word' id='word_1_241' title='bbox 1089 3448 1181 3538; x_wconf 88' lang='lat' dir='ltr'>quod</span> <span class='ocrx_word' id='word_1_242' title='bbox 1215 3455 1274 3518; x_wconf 81' lang='lat' dir='ltr'>eet</span> <span class='ocrx_word' id='word_1_243' title='bbox 1297 3456 1457 3525; x_wconf 60' lang='lat' dir='ltr'>reali?</span> <span class='ocrx_word' id='word_1_244' title='bbox 1515 3442 1558 3477; x_wconf 65' lang='lat'>⁵</span> 
     </span>
     <span class='ocr_line' id='line_1_32' title="bbox 227 3548 1557 3646; baseline 0.004 -22"><span class='ocrx_word' id='word_1_245' title='bbox 227 3556 366 3639; x_wconf 87' lang='lat' dir='ltr'>relatio,</span> <span class='ocrx_word' id='word_1_246' title='bbox 383 3579 450 3624; x_wconf 91' lang='lat' dir='ltr'>non</span> <span class='ocrx_word' id='word_1_247' title='bbox 473 3562 527 3623; x_wconf 88' lang='lat' dir='ltr'>est</span> <span class='ocrx_word' id='word_1_248' title='bbox 551 3555 741 3622; x_wconf 87' lang='lat' dir='ltr'>communis</span> <span class='ocrx_word' id='word_1_249' title='bbox 758 3554 916 3622; x_wconf 89' lang='lat' dir='ltr'>omnibus</span> <span class='ocrx_word' id='word_1_250' title='bbox 931 3556 1048 3623; x_wconf 88' lang='lat' dir='ltr'>tribue</span> <span class='ocrx_word' id='word_1_251' title='bbox 1064 3555 1233 3645; x_wconf 88' lang='lat' dir='ltr'>personis,</span> <span class='ocrx_word' id='word_1_252' title='bbox 1253 3559 1464 3646; x_wconf 63' lang='lat' dir='ltr'>spiratio</span> <span class='ocrx_word' id='word_1_253' title='bbox 1532 3548 1557 3578; x_wconf 71' lang='lat'><strong><em>⁴</em></strong></span> 
     </span>
     <span class='ocr_line' id='line_1_33' title="bbox 226 3661 1392 3753; baseline -0.005 -19"><span class='ocrx_word' id='word_1_254' title='bbox 226 3670 282 3734; x_wconf 91' lang='lat' dir='ltr'>est</span> <span class='ocrx_word' id='word_1_255' title='bbox 305 3664 501 3753; x_wconf 87' lang='lat' dir='ltr'>proprietas</span> <span class='ocrx_word' id='word_1_256' title='bbox 528 3661 722 3752; x_wconf 86' lang='lat' dir='ltr'>personalis</span> <span class='ocrx_word' id='word_1_257' title='bbox 745 3669 781 3729; x_wconf 88' lang='lat' dir='ltr'>et</span> <span class='ocrx_word' id='word_1_258' title='bbox 802 3684 871 3729; x_wconf 91' lang='lat' dir='ltr'>non</span> <span class='ocrx_word' id='word_1_259' title='bbox 895 3661 1107 3731; x_wconf 85' lang='lat' dir='ltr'>attributum</span> <span class='ocrx_word' id='word_1_260' title='bbox 1132 3664 1340 3735; x_wconf 87' lang='lat' dir='ltr'>absolutum</span> <span class='ocrx_word' id='word_1_261' title='bbox 1368 3702 1392 3729; x_wconf 69' lang='lat'>2:</span> 
     </span>
     <span class='ocr_line' id='line_1_34' title="bbox 227 3768 1394 3859; baseline 0.005 -20"><span class='ocrx_word' id='word_1_262' title='bbox 227 3772 369 3857; x_wconf 88' lang='lat' dir='ltr'>sentiae;</span> <span class='ocrx_word' id='word_1_263' title='bbox 397 3770 534 3838; x_wconf 79' lang='lat' dir='ltr'>concedo</span> <span class='ocrx_word' id='word_1_264' title='bbox 559 3771 731 3837; x_wconf 80' lang='lat' dir='ltr'>maiorem.</span> <span class='ocrx_word' id='word_1_265' title='bbox 752 3768 791 3837; x_wconf 88' lang='lat' dir='ltr'>Si</span> <span class='ocrx_word' id='word_1_266' title='bbox 816 3768 1012 3858; x_wconf 89' lang='lat' dir='ltr'>proprietas</span> <span class='ocrx_word' id='word_1_267' title='bbox 1034 3770 1230 3859; x_wconf 84' lang='lat' dir='ltr'>personalis</span> <span class='ocrx_word' id='word_1_268' title='bbox 1247 3774 1394 3845; x_wconf 77' lang='lat' dir='ltr'>sumita</span> 
     </span>
     <span class='ocr_line' id='line_1_35' title="bbox 227 3877 1546 3972; baseline 0.004 -23"><span class='ocrx_word' id='word_1_269' title='bbox 227 3881 351 3949; x_wconf 85' lang='lat' dir='ltr'>stricto</span> <span class='ocrx_word' id='word_1_270' title='bbox 376 3903 479 3947; x_wconf 90' lang='lat' dir='ltr'>sensu</span> <span class='ocrx_word' id='word_1_271' title='bbox 506 3884 546 3947; x_wconf 92' lang='lat' dir='ltr'>ut</span> <span class='ocrx_word' id='word_1_272' title='bbox 569 3877 695 3946; x_wconf 88' lang='lat' dir='ltr'>relatio</span> <span class='ocrx_word' id='word_1_273' title='bbox 719 3877 939 3970; x_wconf 86' lang='lat' dir='ltr'>constituens</span> <span class='ocrx_word' id='word_1_274' title='bbox 963 3901 1145 3966; x_wconf 91' lang='lat' dir='ltr'>personam</span> <span class='ocrx_word' id='word_1_275' title='bbox 1169 3885 1204 3947; x_wconf 87' lang='lat' dir='ltr'>et</span> <span class='ocrx_word' id='word_1_276' title='bbox 1228 3879 1311 3949; x_wconf 85' lang='lat' dir='ltr'>ideo</span> <span class='ocrx_word' id='word_1_277' title='bbox 1329 3888 1546 3972; x_wconf 66' lang='lat' dir='ltr'>pros</span> 
     </span>
     <span class='ocr_line' id='line_1_36' title="bbox 226 3985 1560 4081; baseline -0.003 -26"><span class='ocrx_word' id='word_1_278' title='bbox 226 3988 306 4078; x_wconf 89' lang='lat' dir='ltr'>pria</span> <span class='ocrx_word' id='word_1_279' title='bbox 331 3987 392 4053; x_wconf 92' lang='lat' dir='ltr'>uni</span> <span class='ocrx_word' id='word_1_280' title='bbox 409 3996 547 4055; x_wconf 89' lang='lat' dir='ltr'>tantum</span> <span class='ocrx_word' id='word_1_281' title='bbox 572 4006 750 4073; x_wconf 79' lang='lat' dir='ltr'>personae3</span> <span class='ocrx_word' id='word_1_282' title='bbox 769 4008 853 4073; x_wconf 83' lang='lat' dir='ltr'>nepo</span> <span class='ocrx_word' id='word_1_283' title='bbox 871 3987 1045 4074; x_wconf 81' lang='lat' dir='ltr'>maiorem.</span> <span class='ocrx_word' id='word_1_284' title='bbox 1063 3986 1205 4054; x_wconf 87' lang='lat' dir='ltr'>Pariter</span> <span class='ocrx_word' id='word_1_285' title='bbox 1221 3985 1363 4081; x_wconf 75' lang='lat' dir='ltr'>distinq</span> <span class='ocrx_word' id='word_1_286' title='bbox 1398 4020 1439 4051; x_wconf 69' lang='grc' dir='ltr'><em>ι</em></span> <span class='ocrx_word' id='word_1_287' title='bbox 1491 3987 1560 4018; x_wconf 61' lang='lat'><em>⁴</em></span> 
     </span>
     <span class='ocr_line' id='line_1_37' title="bbox 228 4081 1556 4185; baseline 0.006 -25"><span class='ocrx_word' id='word_1_288' title='bbox 228 4097 389 4160; x_wconf 66' lang='lat' dir='ltr'>missorem</span> <span class='ocrx_word' id='word_1_289' title='bbox 413 4094 525 4185; x_wconf 91' lang='lat' dir='ltr'>quoad</span> <span class='ocrx_word' id='word_1_290' title='bbox 556 4094 702 4182; x_wconf 87' lang='lat' dir='ltr'>primam</span> <span class='ocrx_word' id='word_1_291' title='bbox 727 4098 881 4180; x_wconf 84' lang='lat' dir='ltr'>partem:</span> <span class='ocrx_word' id='word_1_292' title='bbox 907 4081 1105 4182; x_wconf 83' lang='lat' dir='ltr'>pr‘oprietas</span> <span class='ocrx_word' id='word_1_293' title='bbox 1128 4095 1249 4163; x_wconf 85' lang='lat' dir='ltr'>Patris</span> <span class='ocrx_word' id='word_1_294' title='bbox 1275 4100 1528 4168; x_wconf 53' lang='lat' dir='ltr'>consti!</span> <span class='ocrx_word' id='word_1_295' title='bbox 1543 4119 1556 4130; x_wconf 76' lang='lat'><strong><em>⁴</em></strong></span> 
     </span>
     <span class='ocr_line' id='line_1_38' title="bbox 229 4188 1553 4291; baseline 0.005 -21"><span class='ocrx_word' id='word_1_296' title='bbox 229 4209 333 4270; x_wconf 88' lang='lat' dir='ltr'>tuens</span> <span class='ocrx_word' id='word_1_297' title='bbox 358 4222 537 4290; x_wconf 86' lang='lat' dir='ltr'>personam</span> <span class='ocrx_word' id='word_1_298' title='bbox 561 4200 598 4272; x_wconf 90' lang='lat' dir='ltr'>in</span> <span class='ocrx_word' id='word_1_299' title='bbox 616 4188 755 4266; x_wconf 82' lang='lat' dir='ltr'>formali</span> <span class='ocrx_word' id='word_1_300' title='bbox 780 4199 915 4267; x_wconf 84' lang='lat' dir='ltr'>ratione</span> <span class='ocrx_word' id='word_1_301' title='bbox 939 4198 1057 4268; x_wconf 86' lang='lat' dir='ltr'>Patris</span> <span class='ocrx_word' id='word_1_302' title='bbox 1082 4224 1149 4268; x_wconf 91' lang='lat' dir='ltr'>non</span> <span class='ocrx_word' id='word_1_303' title='bbox 1173 4207 1291 4291; x_wconf 91' lang='lat' dir='ltr'>potest</span> <span class='ocrx_word' id='word_1_304' title='bbox 1315 4228 1395 4276; x_wconf 86' lang='lat' dir='ltr'>com</span> <span class='ocrx_word' id='word_1_305' title='bbox 1418 4224 1510 4252; x_wconf 57' lang='lat' dir='ltr'><em>l</em></span> <span class='ocrx_word' id='word_1_306' title='bbox 1543 4229 1553 4238; x_wconf 71' lang='lat'><strong><em>⁴</em></strong></span> 
     </span>
     <span class='ocr_line' id='line_1_39' title="bbox 229 4305 1556 4404; baseline -0.001 -27"><span class='ocrx_word' id='word_1_307' title='bbox 229 4313 346 4400; x_wconf 90' lang='lat' dir='ltr'>petere</span> <span class='ocrx_word' id='word_1_308' title='bbox 369 4306 440 4375; x_wconf 88' lang='lat' dir='ltr'>nisi</span> <span class='ocrx_word' id='word_1_309' title='bbox 464 4306 531 4376; x_wconf 91' lang='lat' dir='ltr'>soli</span> <span class='ocrx_word' id='word_1_310' title='bbox 554 4306 667 4391; x_wconf 90' lang='lat' dir='ltr'>Patri,</span> <span class='ocrx_word' id='word_1_311' title='bbox 686 4305 824 4373; x_wconf 81' lang='lat' dir='ltr'>concedo</span> <span class='ocrx_word' id='word_1_312' title='bbox 848 4307 1025 4389; x_wconf 66' lang='lat' dir='ltr'>minor-eru</span> <span class='ocrx_word' id='word_1_313' title='bbox 1041 4307 1168 4377; x_wconf 87' lang='lat' dir='ltr'>relatio</span> <span class='ocrx_word' id='word_1_314' title='bbox 1184 4308 1317 4396; x_wconf 76' lang='lat' dir='ltr'>Patris,</span> <span class='ocrx_word' id='word_1_315' title='bbox 1336 4335 1386 4404; x_wconf 88' lang='lat' dir='ltr'>qu</span> <span class='ocrx_word' id='word_1_316' title='bbox 1409 4335 1442 4364; x_wconf 65' lang='grc' dir='ltr'>ε</span> <span class='ocrx_word' id='word_1_317' title='bbox 1475 4316 1521 4351; x_wconf 69' lang='lat'>⁵</span> <span class='ocrx_word' id='word_1_318' title='bbox 1550 4306 1556 4335; x_wconf 86' lang='grc'>”</span> 
     </span>
    </p>
   </div>
   <div class='ocr_carea' id='block_1_2' title="bbox 0 0 1564 4981">
    <p class='ocr_par' dir='ltr' id='par_1_6' title="bbox 0 0 1564 4981">
     <span class='ocr_line' id='line_1_40' title="bbox 0 0 1564 4981; baseline 0 0"><span class='ocrx_word' id='word_1_319' title='bbox 0 0 1564 4981; x_wconf 95' lang='lat' dir='ltr'> </span> 
     </span>
    </p>
   </div>
  </div>
 </body>
</html>
