3120 4988
691 277 729 292 -
747 242 811 310 284
828 274 896 288 -·

169 346 173 357 ¹
196 365 363 434 rationem
386 360 614 432 revelationis
627 356 840 448 implicitee;
868 349 1038 444 siquidem
1054 354 1184 416 tumex
1208 346 1289 436 ipsa
1305 367 1364 413 no·

194 473 289 541 tione
313 471 489 540 missionis
512 469 548 537 in
572 486 718 558 persona
734 462 870 547 divina,
885 467 960 528 tum
975 480 1018 526 ex
1033 454 1218 524 intellectu
1243 451 1364 520 catho-

193 577 262 646 lico
278 600 340 668 per
355 598 559 646 consensum
575 576 720 643 Petrum
733 577 811 662 post
824 574 972 639 aetatem
989 561 1205 634 Tertulliani
1218 560 1367 629 manife-

193 692 286 754 stato
310 691 443 754 certum
466 689 534 768 est,
552 683 589 750 in
605 679 822 750 revelatione
838 673 1014 745 missionis
1036 693 1202 762 personae
1220 667 1366 738 divinae

195 792 300 860 unius
323 794 367 860 ab
389 792 503 861 altera
521 788 693 858 contineri
716 785 886 876 implicite
902 781 1093 853 revelatam
1108 777 1369 870 processionem

196 900 294 969 missi
306 901 513 985 amittente,
525 905 568 967 ut
579 899 853 968 demonstratum
865 893 969 961 hebes
982 889 1143 981 superius
1155 887 1369 979 (p.24.sqq.)

194 1007 291 1076 etin
314 1007 488 1077 Tractatu
513 1007 554 1076 de
579 1005 679 1075 Trin.
698 1004 764 1074 Th.
784 1001 957 1071 XXXIII.
1133 1079 1141 1083 ,

264 1115 366 1186 Nunc
386 1138 468 1186 vero
487 1114 572 1183 audi
591 1113 844 1184 conclusionem
866 1107 1093 1179 Professoris.
1105 1107 1184 1175 Duo
1208 1105 1365 1190 dixerat,

193 1221 305 1312 primo
328 1222 588 1292 Tertullianum
612 1222 733 1291 dooere
755 1217 1006 1311 processionem
1022 1215 1177 1304 Spiritus
1201 1213 1377 1284 Sanctia

193 1331 302 1398 Patre
325 1345 357 1396 et
379 1331 476 1399 Filio
499 1337 605 1423 atque
629 1356 651 1397 a
674 1331 782 1397 Patre
798 1352 863 1418 per
877 1327 1031 1409 Filium
1054 1322 1205 1394 secundo
1224 1323 1370 1393 Tertul-

159 1477 163 1481 -
194 1434 328 1504 lienum
355 1436 592 1507 considerasse
624 1438 842 1527 operationes
873 1435 925 1504 ad·
940 1441 1042 1503 extra
1063 1433 1101 1501 in
1123 1432 1300 1501 relatione
1324 1432 1366 1501 ad

194 1544 429 1633 processiones
440 1545 609 1630 internas,
620 1554 725 1637 atque
737 1544 791 1614 ita
806 1568 884 1614 cum
897 1543 1060 1611 missione
1072 1541 1232 1632 Spiritus
1245 1541 1364 1612 Sancti

195 1673 216 1719 a
239 1651 333 1720 Filio
356 1652 578 1724 coniunxisse
602 1654 755 1723 eiusdem
771 1652 927 1743 Spiritus
951 1649 1205 1741 processionem
1223 1648 1360 1716 aFilio.

193 1757 249 1825 Ex
272 1757 330 1827 his
353 1759 488 1830 duobus
511 1760 677 1830 continuo
699 1760 828 1829 infertz
856 1757 1040 1828 «Proinde
1062 1756 1154 1848 apud
1171 1756 1363 1826 Tertullia-

194 1891 277 1951 num
301 1868 391 1938 illud
409 1893 475 1958 per
499 1870 631 1937 Filium
645 1892 714 1937 non
733 1875 849 1958 potest
872 1868 999 1936 habere
1024 1865 1176 1936 valorem
1200 1864 1362 1934 traditio·

195 1975 251 2043 nis
275 1975 562 2046 ecclesiasticae»
581 1982 629 2066 (p.
646 1977 731 2062 10.).
750 1976 851 2044 Certe
867 1974 951 2043 haec
973 1981 1029 2042 est
1052 1972 1243 2043 dialectica
1258 1973 1363 2041 omni·

193 2106 239 2150 no
262 2106 364 2170 nova,
391 2106 493 2175 quam
517 2084 761 2153 Tertullianus
784 2084 934 2152 nondum
958 2089 1127 2170 noverat3
1154 2081 1192 2149 in
1218 2084 1363 2173 antiqua

195 2192 286 2261 enim
309 2199 387 2262 arte
409 2193 538 2283 logica,
556 2193 703 2262 maxima
727 2193 758 2261 si
782 2215 944 2261 nonaum
966 2191 1145 2281 Langenio
1162 2191 1363 2282 supprimas

195 2299 285 2391 quod
309 2299 427 2369 doctor
450 2300 643 2369 Africanus
666 2300 822 2368 dixit'de
840 2299 985 2389 «regula
1000 2297 1265 2389 professionis„
1285 2298 1364 2365 illa·

194 2406 245 2474 tio
268 2408 359 2476 foret
382 2408 518 2476 omnino
542 2407 731 2477 contraria.
751 2406 994 2476 Tertullianus
1018 2406 1205 2496 pugnando
1240 2412 1364 2476 contra

196 2500 390 2583 haereticos
424 2515 585 2606 proponit
616 2522 656 2584 ut
678 2515 873 2583 doctrinam
904 2519 1033 2584 certem
1061 2513 1296 2603 pertinentem
1319 2513 1364 2582 ed

195 2618 454 2716 distinctionem
470 2643 511 2691 ac
527 2622 681 2690 ordinem
704 2623 905 2692 divinarum
921 2644 1161 2714 personarum„
1176 2622 1218 2690 de
1234 2623 1365 2714 quibus

193 2728 286 2797 nihil
297 2729 397 2798 uobis
410 2731 479 2798 nisi
494 2753 536 2798 ex
549 2730 763 2799 revelatione
780 2735 940 2799 constare
956 2736 1083 2819 potest,
1098 2752 1241 2822 eamque
1258 2729 1365 2800 habet

193 2860 236 2906 ex
260 2839 385 2927 regula
408 2837 636 2928 professionis
660 2837 873 2906 christianae
897 2845 932 2906 et
947 2837 1185 2920 fundatamin
1202 2839 1364 2927 Scriptu-

194 2946 257 3030 ris‚
277 2946 448 3036 Spiritum
471 2968 651 3037 personam
675 2947 817 3015 tertiam
840 2946 1023 3036 procedere
1041 2972 1062 3013 a
1078 2949 1186 3016 Patre
1201 2963 1234 3014 er
1250 2949 1361 3037 Filio,

195 3078 217 3119 a
240 3055 349 3121 Patre
366 3078 430 3144 per
454 3056 599 3137 Filium,
623 3078 643 3121 a
666 3077 812 3145 persona
835 3055 1001 3123 nimirum
1025 3055 1136 3145 prima
1159 3078 1219 3146 per
1243 3079 1365 3125 secun-

194 3163 290 3230 dam:
312 3161 461 3252 proinde
490 3162 583 3231 sicut
613 3164 864 3253 processionem
888 3185 911 3230 a
933 3164 1038 3232 Patre
1069 3163 1122 3230 ita
1146 3186 1214 3231 non
1248 3165 1364 3233 minus

194 3272 445 3361 processionem
469 3294 490 3338 a
512 3272 607 3339 Filio
630 3271 755 3340 hebuit
772 3279 812 3340 ut
828 3272 1019 3340 doctrinam
1037 3270 1075 3338 in
1091 3273 1249 3361 deposito
1267 3252 1365 3343 reve-

193 3378 339 3446 lationis
361 3385 397 3446 et
419 3378 457 3445 in
479 3380 694 3467 professione
708 3379 887 3448 Ecclesiae
910 3380 1132 3464 custoditam,
1152 3381 1307 3474 adeoque
1323 3388 1364 3451 ut

194 3485 418 3554 traditionem
442 3485 681 3554 christianam.
1159 3501 1160 3504 ’

172 3588 177 3597 '
260 3592 295 3659 2ο
312 3591 353 3659 In
367 3592 526 3660 doctrina
540 3592 826 3660 manifestissima
840 3616 887 3661 ss.
897 3593 1101 3683 Epiphanii,
1112 3593 1243 3683 cyrilli
1257 3597 1362 3665 Alex·

195 3700 333 3768 andrini
348 3721 364 3785 ,·
392 3700 533 3768 Ioannis
564 3701 792 3785 Damasceui‚
820 3702 878 3791 qui
915 3702 1165 3789 processionem
1201 3701 1359 3792 Spiritus

151 3859 154 3864 -
194 3807 315 3876 Sancti
332 3833 352 3873 a
368 3810 476 3875 Patre
485 3830 548 3895 per
566 3809 699 3875 Filiam
717 3815 781 3876 aut
797 3833 818 3873 a
835 3809 942 3874 Putre
953 3822 985 3874 et
999 3809 1095 3875 Filio
1108 3819 1310 3897 proponunt
1321 3835 1361 3878 ex

192 3915 401 3982 testimoniis
425 3914 702 4004 Scripturarum‚
721 3936 863 4006 eamque
880 3916 978 3984 velut
995 3937 1204 3983 communem
1229 3920 1361 4006 profes·

194 4097 225 4149 in
244 4096 336 4163 sirio,
359 4104 476 4162 propter
494 4094 642 4167 ὀικονομιας
667 4097 856 4169 (internarum
879 4095 1063 4167 relationum)
1088 4100 1319 4155 observationem.
1339 4122 1351 4150 n

194 4184 308 4239 Falsum
327 4201 394 4240 vero
414 4189 474 4252 est,
496 4185 570 4253 quod
588 4187 706 4251 Lan-gen
725 4187 784 4254 ait,
808 4188 839 4239 in
858 4188 910 4240 hoc
928 4188 1003 4241 libro
1021 4192 1118 4242 contra
1136 4191 1276 4244 Praxean
1295 4193 1354 4260 Spi·

192 4278 279 4333 ritum
298 4277 429 4332 Sanctum
448 4277 505 4330 dici
529 4298 541 4325 a
557 4277 665 4331 Christi
686 4279 868 4345 vicarium»
894 4279 938 4331 ita
956 4297 973 4333 a
991 4279 1170 4334 Tertulliano
1195 4285 1356 4350 appellatur

195 4368 229 4425 de
239 4369 412 4438 Presserlpt.
425 4384 449 4424 c.
460 4369 504 4424 28.
515 4373 544 4423 ct
554 4369 588 4423 de
598 4369 713 4424 veland.
725 4369 832 4435 virgin.
844 4384 869 4425 c.
881 4371 906 4426 1.
917 4370 949 4424 in
959 4370 1027 4426 aliis
1038 4372 1151 4427 omniuo
1167 4375 1355 4430 cortentibus.
