<?xml version="1.0" encoding="UTF-8"?>
<!DOCTYPE html PUBLIC "-//W3C//DTD XHTML 1.0 Transitional//EN"
    "http://www.w3.org/TR/xhtml1/DTD/xhtml1-transitional.dtd">
<html xmlns="http://www.w3.org/1999/xhtml" xml:lang="en" lang="en">
 <head>
  <title>
</title>
<meta http-equiv="Content-Type" content="text/html;charset=utf-8" />
  <meta name='ocr-system' content='tesseract 3.04.00' />
  <meta name='ocr-capabilities' content='ocr_page ocr_carea ocr_par ocr_line ocrx_word'/>
</head>
<body>
  <div class='ocr_page' id='page_1' title='image "./ioannisbaptfran00frangoog_0046.png"; bbox 0 0 3120 4988; ppageno 0'>
   <div class='ocr_carea' id='block_1_1' title="bbox 69 304 1323 2447">
    <p class='ocr_par' dir='ltr' id='par_1_1' title="bbox 69 304 1323 2447">
     <span class='ocr_line' id='line_1_1' title="bbox 601 304 758 370; baseline -0.019 -16"><span class='ocrx_word' id='word_1_1' title='bbox 601 339 639 354; x_wconf 92' lang='lat'><strong>...</strong></span> <span class='ocrx_word' id='word_1_2' title='bbox 660 304 696 370; x_wconf 64' lang='lat' dir='ltr'><strong>nl</strong></span> <span class='ocrx_word' id='word_1_3' title='bbox 720 336 758 351; x_wconf 93' lang='grc'><strong>..</strong></span> 
     </span>
     <span class='ocr_line' id='line_1_2' title="bbox 96 404 1267 501; baseline 0.004 -21"><span class='ocrx_word' id='word_1_4' title='bbox 96 413 214 482; x_wconf 80' lang='lat' dir='ltr'><strong>Filius</strong></span> <span class='ocrx_word' id='word_1_5' title='bbox 238 405 387 479; x_wconf 78' lang='lat' dir='ltr'><strong>dominia</strong></span> <span class='ocrx_word' id='word_1_6' title='bbox 411 412 665 501; x_wconf 76' lang='lat' dir='ltr'><strong><em>baptizabatur.</em></strong></span> <span class='ocrx_word' id='word_1_7' title='bbox 698 413 787 482; x_wconf 86' lang='lat' dir='ltr'><strong>Nam</strong></span> <span class='ocrx_word' id='word_1_8' title='bbox 818 414 1006 482; x_wconf 86' lang='lat' dir='ltr'><strong>secundum</strong></span> <span class='ocrx_word' id='word_1_9' title='bbox 1041 404 1267 487; x_wconf 81' lang='lat' dir='ltr'><strong>divinitatem</strong></span> 
     </span>
     <span class='ocr_line' id='line_1_3' title="bbox 96 519 1269 613; baseline 0.003 -23"><span class='ocrx_word' id='word_1_10' title='bbox 96 543 165 590; x_wconf 91' lang='lat' dir='ltr'><strong>non</strong></span> <span class='ocrx_word' id='word_1_11' title='bbox 182 544 284 610; x_wconf 83' lang='lat' dir='ltr'><strong>super</strong></span> <span class='ocrx_word' id='word_1_12' title='bbox 301 519 474 589; x_wconf 77' lang='lat' dir='ltr'><strong>Christum</strong></span> <span class='ocrx_word' id='word_1_13' title='bbox 497 529 551 589; x_wconf 89' lang='lat' dir='ltr'><strong>est</strong></span> <span class='ocrx_word' id='word_1_14' title='bbox 568 520 737 611; x_wconf 85' lang='lat' dir='ltr'><strong>Spiritus,</strong></span> <span class='ocrx_word' id='word_1_15' title='bbox 757 521 816 589; x_wconf 90' lang='lat' dir='ltr'><strong>sed</strong></span> <span class='ocrx_word' id='word_1_16' title='bbox 841 521 878 588; x_wconf 91' lang='lat' dir='ltr'><strong>in</strong></span> <span class='ocrx_word' id='word_1_17' title='bbox 894 521 1047 610; x_wconf 80' lang='lat' dir='ltr'><strong>Christ03</strong></span> <span class='ocrx_word' id='word_1_18' title='bbox 1067 522 1150 613; x_wconf 89' lang='lat' dir='ltr'><strong>quia</strong></span> <span class='ocrx_word' id='word_1_19' title='bbox 1174 525 1269 593; x_wconf 88' lang='lat' dir='ltr'><strong>siout</strong></span> 
     </span>
     <span class='ocr_line' id='line_1_4' title="bbox 96 629 1269 718; baseline 0.007 -24"><span class='ocrx_word' id='word_1_20' title='bbox 96 629 204 697; x_wconf 89' lang='lat' dir='ltr'><strong>Pater</strong></span> <span class='ocrx_word' id='word_1_21' title='bbox 229 629 267 695; x_wconf 92' lang='lat' dir='ltr'><strong>in</strong></span> <span class='ocrx_word' id='word_1_22' title='bbox 289 629 384 697; x_wconf 82' lang='lat' dir='ltr'><strong>Filio</strong></span> <span class='ocrx_word' id='word_1_23' title='bbox 418 633 454 696; x_wconf 90' lang='lat' dir='ltr'><strong>et</strong></span> <span class='ocrx_word' id='word_1_24' title='bbox 476 629 593 697; x_wconf 86' lang='lat' dir='ltr'><strong>Filius</strong></span> <span class='ocrx_word' id='word_1_25' title='bbox 617 629 655 697; x_wconf 92' lang='lat' dir='ltr'><strong>in</strong></span> <span class='ocrx_word' id='word_1_26' title='bbox 689 631 794 697; x_wconf 88' lang='lat' dir='ltr'><strong>Patre</strong></span> <span class='ocrx_word' id='word_1_27' title='bbox 818 634 894 718; x_wconf 91' lang='lat' dir='ltr'><strong>(per</strong></span> <span class='ocrx_word' id='word_1_28' title='bbox 925 632 1269 702; x_wconf 81' lang='lat' dir='ltr'><strong>communicationem</strong></span> 
     </span>
     <span class='ocr_line' id='line_1_5' title="bbox 96 735 1323 826; baseline 0.004 -23"><span class='ocrx_word' id='word_1_29' title='bbox 96 740 133 803; x_wconf 84' lang='lat' dir='ltr'><strong>et</strong></span> <span class='ocrx_word' id='word_1_30' title='bbox 155 735 328 802; x_wconf 86' lang='lat' dir='ltr'><strong>unitatem</strong></span> <span class='ocrx_word' id='word_1_31' title='bbox 353 742 501 804; x_wconf 89' lang='lat' dir='ltr'><strong>naturae</strong></span> <span class='ocrx_word' id='word_1_32' title='bbox 525 759 585 804; x_wconf 89' lang='lat' dir='ltr'><strong>seu</strong></span> <span class='ocrx_word' id='word_1_33' title='bbox 610 758 672 825; x_wconf 88' lang='lat' dir='ltr'><strong>per</strong></span> <span class='ocrx_word' id='word_1_34' title='bbox 704 735 963 824; x_wconf 78' lang='lat' dir='ltr'><strong>generationem</strong></span> <span class='ocrx_word' id='word_1_35' title='bbox 998 735 1268 826; x_wconf 87' lang='lat' dir='ltr'><strong>immanentem),</strong></span> <span class='ocrx_word' id='word_1_36' title='bbox 1321 738 1323 743; x_wconf 47' lang='lat'><strong><em>⁴</em></strong></span> 
     </span>
     <span class='ocr_line' id='line_1_6' title="bbox 97 843 1271 933; baseline 0.009 -28"><span class='ocrx_word' id='word_1_37' title='bbox 97 843 152 908; x_wconf 85' lang='lat' dir='ltr'><strong>ita</strong></span> <span class='ocrx_word' id='word_1_38' title='bbox 176 844 244 909; x_wconf 83' lang='lat' dir='ltr'><strong>Dei</strong></span> <span class='ocrx_word' id='word_1_39' title='bbox 266 845 421 933; x_wconf 75' lang='lat' dir='ltr'><strong>Spiritus</strong></span> <span class='ocrx_word' id='word_1_40' title='bbox 447 858 479 909; x_wconf 84' lang='lat' dir='ltr'><strong>et</strong></span> <span class='ocrx_word' id='word_1_41' title='bbox 501 845 656 931; x_wconf 80' lang='lat' dir='ltr'><strong>Spiritus</strong></span> <span class='ocrx_word' id='word_1_42' title='bbox 681 843 816 912; x_wconf 78' lang='lat' dir='ltr'><strong>Christi</strong></span> <span class='ocrx_word' id='word_1_43' title='bbox 839 856 871 908; x_wconf 82' lang='lat' dir='ltr'><strong>et</strong></span> <span class='ocrx_word' id='word_1_44' title='bbox 895 846 932 909; x_wconf 83' lang='lat' dir='ltr'><strong>iu</strong></span> <span class='ocrx_word' id='word_1_45' title='bbox 967 845 1075 913; x_wconf 83' lang='lat' dir='ltr'><strong>Patre</strong></span> <span class='ocrx_word' id='word_1_46' title='bbox 1098 862 1146 913; x_wconf 81' lang='lat' dir='ltr'><strong>est</strong></span> <span class='ocrx_word' id='word_1_47' title='bbox 1177 863 1209 913; x_wconf 81' lang='lat' dir='ltr'><strong>et</strong></span> <span class='ocrx_word' id='word_1_48' title='bbox 1233 851 1271 915; x_wconf 81' lang='lat' dir='ltr'><strong>iu</strong></span> 
     </span>
     <span class='ocr_line' id='line_1_7' title="bbox 97 951 1272 1043; baseline 0 -25"><span class='ocrx_word' id='word_1_49' title='bbox 97 951 195 1018; x_wconf 80' lang='lat' dir='ltr'><strong>Filio</strong></span> <span class='ocrx_word' id='word_1_50' title='bbox 220 957 296 1039; x_wconf 81' lang='lat' dir='ltr'><strong>(per</strong></span> <span class='ocrx_word' id='word_1_51' title='bbox 320 952 572 1041; x_wconf 76' lang='lat' dir='ltr'><strong>processionem</strong></span> <span class='ocrx_word' id='word_1_52' title='bbox 597 952 867 1038; x_wconf 88' lang='lat' dir='ltr'><strong>immanentem),</strong></span> <span class='ocrx_word' id='word_1_53' title='bbox 885 953 971 1043; x_wconf 83' lang='lat' dir='ltr'><strong>quic</strong></span> <span class='ocrx_word' id='word_1_54' title='bbox 995 956 1065 1018; x_wconf 83' lang='lat' dir='ltr'><strong>orie</strong></span> <span class='ocrx_word' id='word_1_55' title='bbox 1086 951 1136 1019; x_wconf 81' lang='lat' dir='ltr'><strong>est</strong></span> <span class='ocrx_word' id='word_1_56' title='bbox 1158 955 1272 1042; x_wconf 82' lang='lat' dir='ltr'><strong>Spiri-</strong></span> 
     </span>
     <span class='ocr_line' id='line_1_8' title="bbox 100 1059 1272 1151; baseline 0.003 -27"><span class='ocrx_word' id='word_1_57' title='bbox 100 1071 164 1126; x_wconf 77' lang='lat' dir='ltr'><strong>tus.</strong></span> <span class='ocrx_word' id='word_1_58' title='bbox 183 1059 305 1128; x_wconf 87' lang='lat' dir='ltr'><strong>Manet</strong></span> <span class='ocrx_word' id='word_1_59' title='bbox 327 1059 473 1127; x_wconf 91' lang='lat' dir='ltr'><strong>enimin</strong></span> <span class='ocrx_word' id='word_1_60' title='bbox 495 1061 567 1127; x_wconf 88' lang='lat' dir='ltr'><strong>Deo</strong></span> <span class='ocrx_word' id='word_1_61' title='bbox 592 1061 727 1145; x_wconf 89' lang='lat' dir='ltr'><strong>(Patre)</strong></span> <span class='ocrx_word' id='word_1_62' title='bbox 743 1062 806 1151; x_wconf 77' lang='lat' dir='ltr'><strong>qui</strong></span> <span class='ocrx_word' id='word_1_63' title='bbox 829 1083 871 1125; x_wconf 78' lang='lat' dir='ltr'><strong>ea</strong></span> <span class='ocrx_word' id='word_1_64' title='bbox 895 1061 964 1127; x_wconf 86' lang='lat' dir='ltr'><strong>Deo</strong></span> <span class='ocrx_word' id='word_1_65' title='bbox 982 1075 1042 1143; x_wconf 82' lang='lat' dir='ltr'><strong>eet,</strong></span> <span class='ocrx_word' id='word_1_66' title='bbox 1066 1061 1161 1129; x_wconf 91' lang='lat' dir='ltr'><strong>siout</strong></span> <span class='ocrx_word' id='word_1_67' title='bbox 1184 1060 1272 1129; x_wconf 88' lang='lat' dir='ltr'><strong>scri-</strong></span> 
     </span>
     <span class='ocr_line' id='line_1_9' title="bbox 98 1167 1272 1259; baseline 0.002 -25"><span class='ocrx_word' id='word_1_68' title='bbox 98 1174 201 1255; x_wconf 88' lang='lat' dir='ltr'><strong>ptum·</strong></span> <span class='ocrx_word' id='word_1_69' title='bbox 223 1173 289 1234; x_wconf 83' lang='lat' dir='ltr'><strong>est:</strong></span> <span class='ocrx_word' id='word_1_70' title='bbox 308 1191 369 1234; x_wconf 90' lang='lat' dir='ltr'><strong>nos</strong></span> <span class='ocrx_word' id='word_1_71' title='bbox 393 1175 552 1237; x_wconf 83' lang='lat' dir='ltr'><strong>autem...</strong></span> <span class='ocrx_word' id='word_1_72' title='bbox 572 1169 768 1258; x_wconf 88' lang='lat' dir='ltr'><strong>accepimus</strong></span> <span class='ocrx_word' id='word_1_73' title='bbox 785 1167 957 1257; x_wconf 86' lang='lat' dir='ltr'><strong>Spiritum</strong></span> <span class='ocrx_word' id='word_1_74' title='bbox 975 1169 1034 1259; x_wconf 89' lang='lat' dir='ltr'><strong>qni</strong></span> <span class='ocrx_word' id='word_1_75' title='bbox 1060 1191 1101 1237; x_wconf 83' lang='lat' dir='ltr'><strong>ex</strong></span> <span class='ocrx_word' id='word_1_76' title='bbox 1129 1171 1200 1237; x_wconf 90' lang='lat' dir='ltr'><strong>Deo</strong></span> <span class='ocrx_word' id='word_1_77' title='bbox 1216 1173 1272 1237; x_wconf 87' lang='lat' dir='ltr'><strong>est</strong></span> 
     </span>
     <span class='ocr_line' id='line_1_10' title="bbox 101 1275 1269 1367; baseline 0.001 -27"><span class='ocrx_word' id='word_1_78' title='bbox 101 1277 147 1360; x_wconf 81' lang='grc'><strong>(1.</strong></span> <span class='ocrx_word' id='word_1_79' title='bbox 167 1275 248 1343; x_wconf 86' lang='lat' dir='ltr'><strong>Cor.</strong></span> <span class='ocrx_word' id='word_1_80' title='bbox 267 1275 315 1342; x_wconf 91' lang='lat' dir='ltr'><strong>II.</strong></span> <span class='ocrx_word' id='word_1_81' title='bbox 336 1276 406 1363; x_wconf 82' lang='lat'><strong>12);</strong></span> <span class='ocrx_word' id='word_1_82' title='bbox 426 1283 462 1344; x_wconf 88' lang='lat' dir='ltr'><strong>et</strong></span> <span class='ocrx_word' id='word_1_83' title='bbox 486 1280 602 1344; x_wconf 88' lang='lat' dir='ltr'><strong>manet</strong></span> <span class='ocrx_word' id='word_1_84' title='bbox 617 1277 653 1344; x_wconf 93' lang='lat' dir='ltr'><strong>in</strong></span> <span class='ocrx_word' id='word_1_85' title='bbox 670 1276 906 1367; x_wconf 84' lang='lat' dir='ltr'><strong>Christo,qui</strong></span> <span class='ocrx_word' id='word_1_86' title='bbox 922 1302 943 1342; x_wconf 88' lang='lat' dir='ltr'><strong>a</strong></span> <span class='ocrx_word' id='word_1_87' title='bbox 961 1277 1098 1345; x_wconf 72' lang='lat' dir='ltr'><strong>Christo</strong></span> <span class='ocrx_word' id='word_1_88' title='bbox 1123 1280 1269 1365; x_wconf 80' lang='lat' dir='ltr'><strong>occepit,</strong></span> 
     </span>
     <span class='ocr_line' id='line_1_11' title="bbox 100 1383 1269 1474; baseline 0.004 -24"><span class='ocrx_word' id='word_1_89' title='bbox 100 1383 184 1474; x_wconf 87' lang='lat' dir='ltr'><strong>quia</strong></span> <span class='ocrx_word' id='word_1_90' title='bbox 208 1385 336 1452; x_wconf 84' lang='lat' dir='ltr'><strong>iterum</strong></span> <span class='ocrx_word' id='word_1_91' title='bbox 361 1384 530 1473; x_wconf 87' lang='lat' dir='ltr'><strong>seriptum</strong></span> <span class='ocrx_word' id='word_1_92' title='bbox 555 1390 621 1452; x_wconf 90' lang='lat' dir='ltr'><strong>est:</strong></span> <span class='ocrx_word' id='word_1_93' title='bbox 644 1384 706 1452; x_wconf 88' lang='lat' dir='ltr'><strong>ille</strong></span> <span class='ocrx_word' id='word_1_94' title='bbox 731 1386 771 1453; x_wconf 90' lang='lat' dir='ltr'><strong>de</strong></span> <span class='ocrx_word' id='word_1_95' title='bbox 797 1409 869 1454; x_wconf 91' lang='lat' dir='ltr'><strong>meo</strong></span> <span class='ocrx_word' id='word_1_96' title='bbox 901 1386 1049 1474; x_wconf 82' lang='lat' dir='ltr'><strong>accipiet</strong></span> <span class='ocrx_word' id='word_1_97' title='bbox 1073 1388 1138 1473; x_wconf 89' lang='lat' dir='ltr'><strong>(Io.</strong></span> <span class='ocrx_word' id='word_1_98' title='bbox 1168 1387 1269 1456; x_wconf 86' lang='lat' dir='ltr'><strong>XVI.</strong></span> 
     </span>
     <span class='ocr_line' id='line_1_12' title="bbox 100 1490 1271 1582; baseline 0.004 -25"><span class='ocrx_word' id='word_1_99' title='bbox 100 1490 158 1576; x_wconf 87' lang='lat'><strong>14)</strong></span> <span class='ocrx_word' id='word_1_100' title='bbox 182 1491 274 1578; x_wconf 90' lang='grc'><strong>(1)...</strong></span> <span class='ocrx_word' id='word_1_101' title='bbox 305 1491 382 1560; x_wconf 90' lang='lat' dir='ltr'><strong>Non</strong></span> <span class='ocrx_word' id='word_1_102' title='bbox 418 1492 714 1579; x_wconf 86' lang='lat' dir='ltr'><strong>ergosecundum</strong></span> <span class='ocrx_word' id='word_1_103' title='bbox 751 1491 975 1560; x_wconf 88' lang='lat' dir='ltr'><strong>divinitatem</strong></span> <span class='ocrx_word' id='word_1_104' title='bbox 1007 1493 1141 1561; x_wconf 84' lang='lat' dir='ltr'><strong>Christi</strong></span> <span class='ocrx_word' id='word_1_105' title='bbox 1166 1516 1271 1582; x_wconf 88' lang='lat' dir='ltr'><strong>super</strong></span> 
     </span>
     <span class='ocr_line' id='line_1_13' title="bbox 69 1597 1271 1692; baseline 0.002 -28"><span class='ocrx_word' id='word_1_106' title='bbox 69 1678 72 1684; x_wconf 85' lang='lat'><em>.</em></span> <span class='ocrx_word' id='word_1_107' title='bbox 100 1597 282 1666; x_wconf 83' lang='lat' dir='ltr'><strong>Christum</strong></span> <span class='ocrx_word' id='word_1_108' title='bbox 306 1609 371 1682; x_wconf 87' lang='lat' dir='ltr'><strong>est,</strong></span> <span class='ocrx_word' id='word_1_109' title='bbox 393 1600 477 1690; x_wconf 87' lang='lat' dir='ltr'><strong>quia</strong></span> <span class='ocrx_word' id='word_1_110' title='bbox 499 1621 567 1665; x_wconf 89' lang='lat' dir='ltr'><strong>non</strong></span> <span class='ocrx_word' id='word_1_111' title='bbox 592 1620 695 1688; x_wconf 88' lang='lat' dir='ltr'><strong>super</strong></span> <span class='ocrx_word' id='word_1_112' title='bbox 718 1621 754 1666; x_wconf 88' lang='lat' dir='ltr'><strong>se</strong></span> <span class='ocrx_word' id='word_1_113' title='bbox 777 1607 831 1667; x_wconf 89' lang='lat' dir='ltr'><strong>est</strong></span> <span class='ocrx_word' id='word_1_114' title='bbox 855 1600 1026 1669; x_wconf 78' lang='lat' dir='ltr'><strong>Trinitas.</strong></span> <span class='ocrx_word' id='word_1_115' title='bbox 1047 1627 1068 1663; x_wconf 82' lang='lat' dir='ltr'><strong>a·</strong></span> <span class='ocrx_word' id='word_1_116' title='bbox 1081 1601 1271 1692; x_wconf 88' lang='lat' dir='ltr'><strong>Postquam</strong></span> 
     </span>
     <span class='ocr_line' id='line_1_14' title="bbox 100 1706 1271 1794; baseline 0.002 -20"><span class='ocrx_word' id='word_1_117' title='bbox 100 1728 129 1774; x_wconf 87' lang='lat' dir='ltr'><strong>s.</strong></span> <span class='ocrx_word' id='word_1_118' title='bbox 148 1706 273 1774; x_wconf 89' lang='lat' dir='ltr'><strong>doctor</strong></span> <span class='ocrx_word' id='word_1_119' title='bbox 297 1707 360 1775; x_wconf 92' lang='lat' dir='ltr'><strong>hoc</strong></span> <span class='ocrx_word' id='word_1_120' title='bbox 377 1706 475 1774; x_wconf 91' lang='lat' dir='ltr'><strong>modo</strong></span> <span class='ocrx_word' id='word_1_121' title='bbox 500 1706 711 1791; x_wconf 87' lang='lat' dir='ltr'><strong>ostenderat,</strong></span> <span class='ocrx_word' id='word_1_122' title='bbox 733 1706 903 1794; x_wconf 90' lang='lat' dir='ltr'><strong>Spiritum</strong></span> <span class='ocrx_word' id='word_1_123' title='bbox 921 1707 1088 1777; x_wconf 86' lang='lat' dir='ltr'><strong>Sanctum</strong></span> <span class='ocrx_word' id='word_1_124' title='bbox 1111 1731 1181 1776; x_wconf 89' lang='lat' dir='ltr'><strong>non</strong></span> <span class='ocrx_word' id='word_1_125' title='bbox 1196 1730 1271 1776; x_wconf 88' lang='lat' dir='ltr'><strong>esse</strong></span> 
     </span>
     <span class='ocr_line' id='line_1_15' title="bbox 100 1813 1272 1906; baseline 0.002 -25"><span class='ocrx_word' id='word_1_126' title='bbox 100 1813 266 1882; x_wconf 88' lang='lat' dir='ltr'><strong>maiorem</strong></span> <span class='ocrx_word' id='word_1_127' title='bbox 278 1814 372 1882; x_wconf 83' lang='lat' dir='ltr'><strong>Filio</strong></span> <span class='ocrx_word' id='word_1_128' title='bbox 389 1815 578 1884; x_wconf 88' lang='lat' dir='ltr'><strong>secundum</strong></span> <span class='ocrx_word' id='word_1_129' title='bbox 596 1816 831 1901; x_wconf 87' lang='lat' dir='ltr'><strong>divinitatem,</strong></span> <span class='ocrx_word' id='word_1_130' title='bbox 851 1817 936 1884; x_wconf 90' lang='lat' dir='ltr'><strong>licet</strong></span> <span class='ocrx_word' id='word_1_131' title='bbox 951 1818 1063 1906; x_wconf 86' lang='lat' dir='ltr'><strong>possit</strong></span> <span class='ocrx_word' id='word_1_132' title='bbox 1075 1816 1146 1885; x_wconf 89' lang='lat' dir='ltr'><strong>dici</strong></span> <span class='ocrx_word' id='word_1_133' title='bbox 1163 1817 1272 1883; x_wconf 89' lang='lat' dir='ltr'><strong>maior</strong></span> 
     </span>
     <span class='ocr_line' id='line_1_16' title="bbox 100 1922 1272 2016; baseline 0.002 -27"><span class='ocrx_word' id='word_1_134' title='bbox 100 1922 243 1990; x_wconf 88' lang='lat' dir='ltr'><strong>Christo</strong></span> <span class='ocrx_word' id='word_1_135' title='bbox 268 1925 457 1991; x_wconf 87' lang='lat' dir='ltr'><strong>secundam</strong></span> <span class='ocrx_word' id='word_1_136' title='bbox 493 1924 767 2008; x_wconf 83' lang='lat' dir='ltr'><strong>humanitatem,</strong></span> <span class='ocrx_word' id='word_1_137' title='bbox 798 1925 986 1994; x_wconf 86' lang='lat' dir='ltr'><strong>secundum</strong></span> <span class='ocrx_word' id='word_1_138' title='bbox 1019 1947 1119 2016; x_wconf 92' lang='lat' dir='ltr'><strong>quam</strong></span> <span class='ocrx_word' id='word_1_139' title='bbox 1155 1923 1272 1991; x_wconf 85' lang='lat' dir='ltr'><strong>Filius</strong></span> 
     </span>
     <span class='ocr_line' id='line_1_17' title="bbox 99 2030 1273 2123; baseline 0 -24"><span class='ocrx_word' id='word_1_140' title='bbox 99 2033 309 2100; x_wconf 85' lang='lat' dir='ltr'><strong>incarnatus</strong></span> <span class='ocrx_word' id='word_1_141' title='bbox 332 2032 490 2099; x_wconf 87' lang='lat' dir='ltr'><strong>mittitur</strong></span> <span class='ocrx_word' id='word_1_142' title='bbox 513 2055 582 2099; x_wconf 89' lang='lat' dir='ltr'><strong>non</strong></span> <span class='ocrx_word' id='word_1_143' title='bbox 607 2033 719 2100; x_wconf 92' lang='lat' dir='ltr'><strong>solum</strong></span> <span class='ocrx_word' id='word_1_144' title='bbox 741 2055 763 2100; x_wconf 90' lang='lat' dir='ltr'><strong>a</strong></span> <span class='ocrx_word' id='word_1_145' title='bbox 778 2034 883 2102; x_wconf 88' lang='lat' dir='ltr'><strong>Patre</strong></span> <span class='ocrx_word' id='word_1_146' title='bbox 907 2033 966 2101; x_wconf 89' lang='lat' dir='ltr'><strong>sed</strong></span> <span class='ocrx_word' id='word_1_147' title='bbox 990 2034 1134 2100; x_wconf 89' lang='lat' dir='ltr'><strong>etiama</strong></span> <span class='ocrx_word' id='word_1_148' title='bbox 1158 2030 1273 2123; x_wconf 88' lang='lat' dir='ltr'><strong>Spiri-</strong></span> 
     </span>
     <span class='ocr_line' id='line_1_18' title="bbox 102 2135 1271 2231; baseline 0.001 -24"><span class='ocrx_word' id='word_1_149' title='bbox 102 2148 155 2226; x_wconf 87' lang='lat' dir='ltr'><strong>tu;</strong></span> <span class='ocrx_word' id='word_1_150' title='bbox 174 2162 216 2207; x_wconf 88' lang='lat' dir='ltr'><strong>ex</strong></span> <span class='ocrx_word' id='word_1_151' title='bbox 241 2139 307 2208; x_wconf 91' lang='lat' dir='ltr'><strong>hac</strong></span> <span class='ocrx_word' id='word_1_152' title='bbox 332 2140 408 2228; x_wconf 90' lang='lat' dir='ltr'><strong>ipsa</strong></span> <span class='ocrx_word' id='word_1_153' title='bbox 432 2135 594 2211; x_wconf 84' lang='lat' dir='ltr'><strong>missione</strong></span> <span class='ocrx_word' id='word_1_154' title='bbox 617 2144 833 2210; x_wconf 86' lang='lat' dir='ltr'><strong>demonstrat</strong></span> <span class='ocrx_word' id='word_1_155' title='bbox 857 2143 1080 2212; x_wconf 87' lang='lat' dir='ltr'><strong>divinitatem</strong></span> <span class='ocrx_word' id='word_1_156' title='bbox 1114 2140 1271 2231; x_wconf 85' lang='lat' dir='ltr'><strong>Spiritus</strong></span> 
     </span>
     <span class='ocr_line' id='line_1_19' title="bbox 101 2246 1271 2340; baseline 0.003 -27"><span class='ocrx_word' id='word_1_157' title='bbox 101 2246 238 2332; x_wconf 87' lang='lat' dir='ltr'><strong>Sancti,</strong></span> <span class='ocrx_word' id='word_1_158' title='bbox 258 2248 342 2338; x_wconf 90' lang='lat' dir='ltr'><strong>quia</strong></span> <span class='ocrx_word' id='word_1_159' title='bbox 356 2249 473 2317; x_wconf 84' lang='lat' dir='ltr'><strong>Filius</strong></span> <span class='ocrx_word' id='word_1_160' title='bbox 496 2250 562 2318; x_wconf 88' lang='lat' dir='ltr'><strong>Dei</strong></span> <span class='ocrx_word' id='word_1_161' title='bbox 585 2251 840 2340; x_wconf 88' lang='lat' dir='ltr'><strong>primogenitus</strong></span> <span class='ocrx_word' id='word_1_162' title='bbox 864 2253 975 2319; x_wconf 92' lang='lat' dir='ltr'><strong>omnis</strong></span> <span class='ocrx_word' id='word_1_163' title='bbox 998 2259 1193 2335; x_wconf 86' lang='lat' dir='ltr'><strong>creaturae,</strong></span> <span class='ocrx_word' id='word_1_164' title='bbox 1214 2249 1271 2318; x_wconf 91' lang='lat' dir='ltr'><strong>oui</strong></span> 
     </span>
     <span class='ocr_line' id='line_1_20' title="bbox 102 2357 1274 2447; baseline 0.001 -23"><span class='ocrx_word' id='word_1_165' title='bbox 102 2357 187 2424; x_wconf 87' lang='lat' dir='ltr'><strong>data</strong></span> <span class='ocrx_word' id='word_1_166' title='bbox 210 2363 265 2424; x_wconf 86' lang='lat' dir='ltr'><strong>est</strong></span> <span class='ocrx_word' id='word_1_167' title='bbox 289 2358 400 2425; x_wconf 92' lang='lat' dir='ltr'><strong>omnis</strong></span> <span class='ocrx_word' id='word_1_168' title='bbox 424 2364 577 2447; x_wconf 87' lang='lat' dir='ltr'><strong>potestas</strong></span> <span class='ocrx_word' id='word_1_169' title='bbox 603 2359 639 2424; x_wconf 92' lang='lat' dir='ltr'><strong>in</strong></span> <span class='ocrx_word' id='word_1_170' title='bbox 663 2359 757 2427; x_wconf 86' lang='lat' dir='ltr'><strong>caelo</strong></span> <span class='ocrx_word' id='word_1_171' title='bbox 781 2366 817 2427; x_wconf 89' lang='lat' dir='ltr'><strong>et</strong></span> <span class='ocrx_word' id='word_1_172' title='bbox 841 2360 1003 2442; x_wconf 89' lang='lat' dir='ltr'><strong>interra,</strong></span> <span class='ocrx_word' id='word_1_173' title='bbox 1023 2359 1128 2427; x_wconf 90' lang='lat' dir='ltr'><strong>etiam</strong></span> <span class='ocrx_word' id='word_1_174' title='bbox 1152 2381 1274 2427; x_wconf 89' lang='lat' dir='ltr'><strong>secun-</strong></span> 
     </span>
    </p>
   </div>
   <div class='ocr_carea' id='block_1_2' title="bbox 95 2465 1276 3204">
    <p class='ocr_par' dir='ltr' id='par_1_2' title="bbox 95 2465 1276 3204">
     <span class='ocr_line' id='line_1_21' title="bbox 104 2465 1274 2555; baseline 0 -22"><span class='ocrx_word' id='word_1_175' title='bbox 104 2465 186 2533; x_wconf 89' lang='lat' dir='ltr'><strong>dum</strong></span> <span class='ocrx_word' id='word_1_176' title='bbox 211 2465 467 2533; x_wconf 87' lang='lat' dir='ltr'><strong>humanitatem</strong></span> <span class='ocrx_word' id='word_1_177' title='bbox 491 2465 588 2534; x_wconf 89' lang='lat' dir='ltr'><strong>mitti</strong></span> <span class='ocrx_word' id='word_1_178' title='bbox 604 2489 670 2534; x_wconf 90' lang='lat' dir='ltr'><strong>non</strong></span> <span class='ocrx_word' id='word_1_179' title='bbox 693 2471 809 2554; x_wconf 87' lang='lat' dir='ltr'><strong>potest</strong></span> <span class='ocrx_word' id='word_1_180' title='bbox 825 2466 895 2534; x_wconf 91' lang='lat' dir='ltr'><strong>nisi</strong></span> <span class='ocrx_word' id='word_1_181' title='bbox 919 2489 940 2533; x_wconf 87' lang='lat' dir='ltr'><strong>a</strong></span> <span class='ocrx_word' id='word_1_182' title='bbox 961 2468 1044 2535; x_wconf 89' lang='lat' dir='ltr'><strong>Deo.</strong></span> <span class='ocrx_word' id='word_1_183' title='bbox 1063 2467 1160 2555; x_wconf 85' lang='lat' dir='ltr'><strong>Ergo</strong></span> <span class='ocrx_word' id='word_1_184' title='bbox 1176 2489 1218 2535; x_wconf 85' lang='lat' dir='ltr'><strong>ex</strong></span> <span class='ocrx_word' id='word_1_185' title='bbox 1235 2486 1274 2533; x_wconf 87' lang='lat' dir='ltr'><strong>eo</strong></span> 
     </span>
     <span class='ocr_line' id='line_1_22' title="bbox 104 2574 1272 2665; baseline 0.002 -24"><span class='ocrx_word' id='word_1_186' title='bbox 104 2575 195 2665; x_wconf 93' lang='lat' dir='ltr'><strong>quod</strong></span> <span class='ocrx_word' id='word_1_187' title='bbox 218 2575 337 2642; x_wconf 81' lang='lat' dir='ltr'><strong>Filius</strong></span> <span class='ocrx_word' id='word_1_188' title='bbox 360 2576 473 2643; x_wconf 88' lang='lat' dir='ltr'><strong>mittit</strong></span> <span class='ocrx_word' id='word_1_189' title='bbox 507 2574 678 2664; x_wconf 87' lang='lat' dir='ltr'><strong>Spiritum</strong></span> <span class='ocrx_word' id='word_1_190' title='bbox 702 2574 892 2661; x_wconf 87' lang='lat' dir='ltr'><strong>Sanctum,</strong></span> <span class='ocrx_word' id='word_1_191' title='bbox 923 2576 1051 2644; x_wconf 86' lang='lat' dir='ltr'><strong>Ariani</strong></span> <span class='ocrx_word' id='word_1_192' title='bbox 1075 2600 1143 2644; x_wconf 90' lang='lat' dir='ltr'><strong>nou</strong></span> <span class='ocrx_word' id='word_1_193' title='bbox 1178 2583 1272 2644; x_wconf 88' lang='lat' dir='ltr'><strong>recte</strong></span> 
     </span>
     <span class='ocr_line' id='line_1_23' title="bbox 104 2682 1275 2776; baseline 0.002 -26"><span class='ocrx_word' id='word_1_194' title='bbox 104 2683 278 2767; x_wconf 85' lang='lat' dir='ltr'><strong>inferunt,</strong></span> <span class='ocrx_word' id='word_1_195' title='bbox 298 2682 470 2771; x_wconf 91' lang='lat' dir='ltr'><strong>Spiritum</strong></span> <span class='ocrx_word' id='word_1_196' title='bbox 494 2706 567 2752; x_wconf 90' lang='lat' dir='ltr'><strong>esse</strong></span> <span class='ocrx_word' id='word_1_197' title='bbox 585 2685 750 2752; x_wconf 88' lang='lat' dir='ltr'><strong>minorem</strong></span> <span class='ocrx_word' id='word_1_198' title='bbox 773 2686 878 2771; x_wconf 84' lang='lat' dir='ltr'><strong>Filio,</strong></span> <span class='ocrx_word' id='word_1_199' title='bbox 898 2686 981 2776; x_wconf 90' lang='lat' dir='ltr'><strong>quia</strong></span> <span class='ocrx_word' id='word_1_200' title='bbox 996 2709 1116 2775; x_wconf 91' lang='lat' dir='ltr'><strong>nempe</strong></span> <span class='ocrx_word' id='word_1_201' title='bbox 1139 2684 1275 2752; x_wconf 75' lang='lat' dir='ltr'><strong>Filium·</strong></span> 
     </span>
     <span class='ocr_line' id='line_1_24' title="bbox 105 2789 1275 2884; baseline 0.002 -26"><span class='ocrx_word' id='word_1_202' title='bbox 105 2791 328 2858; x_wconf 81' lang='lat' dir='ltr'><strong>incarnatum</strong></span> <span class='ocrx_word' id='word_1_203' title='bbox 354 2790 511 2860; x_wconf 88' lang='lat' dir='ltr'><strong>vicissim</strong></span> <span class='ocrx_word' id='word_1_204' title='bbox 535 2793 649 2861; x_wconf 90' lang='lat' dir='ltr'><strong>mittit</strong></span> <span class='ocrx_word' id='word_1_205' title='bbox 680 2792 836 2883; x_wconf 89' lang='lat' dir='ltr'><strong>Spiritus</strong></span> <span class='ocrx_word' id='word_1_206' title='bbox 871 2789 1044 2884; x_wconf 85' lang='lat' dir='ltr'><strong>potestate</strong></span> <span class='ocrx_word' id='word_1_207' title='bbox 1068 2815 1155 2878; x_wconf 89' lang='lat' dir='ltr'><strong>sua,</strong></span> <span class='ocrx_word' id='word_1_208' title='bbox 1187 2813 1275 2884; x_wconf 86' lang='lat' dir='ltr'><strong>quae</strong></span> 
     </span>
     <span class='ocr_line' id='line_1_25' title="bbox 105 2899 1275 2989; baseline 0.002 -25"><span class='ocrx_word' id='word_1_209' title='bbox 105 2919 172 2964; x_wconf 90' lang='lat' dir='ltr'><strong>uon</strong></span> <span class='ocrx_word' id='word_1_210' title='bbox 209 2904 325 2986; x_wconf 87' lang='lat' dir='ltr'><strong>potest</strong></span> <span class='ocrx_word' id='word_1_211' title='bbox 359 2921 433 2967; x_wconf 89' lang='lat' dir='ltr'><strong>esse</strong></span> <span class='ocrx_word' id='word_1_212' title='bbox 457 2899 526 2966; x_wconf 85' lang='lat' dir='ltr'><strong>nisi</strong></span> <span class='ocrx_word' id='word_1_213' title='bbox 562 2907 718 2989; x_wconf 88' lang='lat' dir='ltr'><strong>potestas</strong></span> <span class='ocrx_word' id='word_1_214' title='bbox 740 2901 877 2968; x_wconf 90' lang='lat' dir='ltr'><strong>divina.</strong></span> <span class='ocrx_word' id='word_1_215' title='bbox 908 2899 976 2969; x_wconf 89' lang='lat' dir='ltr'><strong>Hic</strong></span> <span class='ocrx_word' id='word_1_216' title='bbox 1008 2906 1062 2968; x_wconf 85' lang='lat' dir='ltr'><strong>est</strong></span> <span class='ocrx_word' id='word_1_217' title='bbox 1092 2905 1275 2968; x_wconf 86' lang='lat' dir='ltr'><strong>contextus</strong></span> 
     </span>
     <span class='ocr_line' id='line_1_26' title="bbox 95 3007 1276 3098; baseline 0 -24"><span class='ocrx_word' id='word_1_218' title='bbox 95 3008 306 3091; x_wconf 66' lang='lat' dir='ltr'><strong>uerborum,</strong></span> <span class='ocrx_word' id='word_1_219' title='bbox 325 3030 413 3098; x_wconf 88' lang='lat' dir='ltr'><strong>quae</strong></span> <span class='ocrx_word' id='word_1_220' title='bbox 429 3007 554 3076; x_wconf 86' lang='lat' dir='ltr'><strong>avulsa</strong></span> <span class='ocrx_word' id='word_1_221' title='bbox 576 3008 752 3077; x_wconf 85' lang='lat' dir='ltr'><strong>Macarius</strong></span> <span class='ocrx_word' id='word_1_222' title='bbox 770 3009 910 3077; x_wconf 89' lang='lat' dir='ltr'><strong>citavit.</strong></span> <span class='ocrx_word' id='word_1_223' title='bbox 930 3009 1103 3076; x_wconf 83' lang='lat' dir='ltr'><strong>Continuo</strong></span> <span class='ocrx_word' id='word_1_224' title='bbox 1123 3009 1212 3076; x_wconf 86' lang='lat' dir='ltr'><strong>enim</strong></span> <span class='ocrx_word' id='word_1_225' title='bbox 1230 3007 1276 3074; x_wconf 90' lang='lat' dir='ltr'><strong>iis</strong></span> 
     </span>
     <span class='ocr_line' id='line_1_27' title="bbox 108 3114 1274 3204; baseline 0 -22"><span class='ocrx_word' id='word_1_226' title='bbox 108 3132 197 3204; x_wconf 87' lang='lat' dir='ltr'><strong>quae</strong></span> <span class='ocrx_word' id='word_1_227' title='bbox 233 3114 482 3204; x_wconf 87' lang='lat' dir='ltr'><strong>descripsimus</strong></span> <span class='ocrx_word' id='word_1_228' title='bbox 518 3116 747 3184; x_wconf 86' lang='lat' dir='ltr'><strong>demissione</strong></span> <span class='ocrx_word' id='word_1_229' title='bbox 784 3117 971 3186; x_wconf 87' lang='lat' dir='ltr'><strong>secundnm</strong></span> <span class='ocrx_word' id='word_1_230' title='bbox 1007 3116 1274 3199; x_wconf 86' lang='lat' dir='ltr'><strong>humanitatem,</strong></span> 
     </span>
    </p>
   </div>
   <div class='ocr_carea' id='block_1_3' title="bbox 110 3349 1351 4510">
    <p class='ocr_par' dir='ltr' id='par_1_3' title="bbox 110 3349 1351 4510">
     <span class='ocr_line' id='line_1_28' title="bbox 176 3349 1276 3428; baseline -0.001 -21"><span class='ocrx_word' id='word_1_231' title='bbox 176 3349 220 3428; x_wconf 90' lang='lat'><strong>(1)</strong></span> <span class='ocrx_word' id='word_1_232' title='bbox 238 3354 344 3407; x_wconf 78' lang='lat' dir='ltr'><strong>Filiam</strong></span> <span class='ocrx_word' id='word_1_233' title='bbox 353 3354 465 3422; x_wconf 81' lang='lat' dir='ltr'><strong>fratem</strong></span> <span class='ocrx_word' id='word_1_234' title='bbox 475 3354 596 3422; x_wconf 74' lang='lat' dir='ltr'><strong>Spiritus</strong></span> <span class='ocrx_word' id='word_1_235' title='bbox 610 3354 710 3408; x_wconf 78' lang='lat' dir='ltr'><strong>Sancti</strong></span> <span class='ocrx_word' id='word_1_236' title='bbox 725 3354 831 3420; x_wconf 82' lang='lat' dir='ltr'><strong>diserte</strong></span> <span class='ocrx_word' id='word_1_237' title='bbox 844 3355 924 3408; x_wconf 87' lang='lat' dir='ltr'><strong>docet</strong></span> <span class='ocrx_word' id='word_1_238' title='bbox 934 3355 1098 3423; x_wconf 80' lang='lat' dir='ltr'><strong>Ambrosius</strong></span> <span class='ocrx_word' id='word_1_239' title='bbox 1109 3353 1204 3407; x_wconf 86' lang='lat' dir='ltr'><strong>eodem</strong></span> <span class='ocrx_word' id='word_1_240' title='bbox 1224 3353 1276 3407; x_wconf 89' lang='lat' dir='ltr'><strong>hoo</strong></span> 
     </span>
     <span class='ocr_line' id='line_1_29' title="bbox 111 3437 1351 3514; baseline -0.001 -16"><span class='ocrx_word' id='word_1_241' title='bbox 111 3459 191 3511; x_wconf 84' lang='lat' dir='ltr'><strong>opere</strong></span> <span class='ocrx_word' id='word_1_242' title='bbox 211 3445 246 3498; x_wconf 89' lang='lat' dir='ltr'><strong>de</strong></span> <span class='ocrx_word' id='word_1_243' title='bbox 265 3445 341 3511; x_wconf 88' lang='lat' dir='ltr'><strong>Spir.</strong></span> <span class='ocrx_word' id='word_1_244' title='bbox 358 3447 386 3499; x_wconf 95' lang='lat' dir='ltr'><strong>S.</strong></span> <span class='ocrx_word' id='word_1_245' title='bbox 402 3446 460 3499; x_wconf 86' lang='grc' dir='ltr'><strong>1.Ι.</strong></span> <span class='ocrx_word' id='word_1_246' title='bbox 476 3461 499 3498; x_wconf 87' lang='lat' dir='ltr'><strong>c.</strong></span> <span class='ocrx_word' id='word_1_247' title='bbox 517 3445 561 3498; x_wconf 83' lang='lat'><strong>15.</strong></span> <span class='ocrx_word' id='word_1_248' title='bbox 576 3462 605 3499; x_wconf 93' lang='lat' dir='ltr'><strong>n.</strong></span> <span class='ocrx_word' id='word_1_249' title='bbox 623 3445 684 3498; x_wconf 80' lang='lat'>152.</span> <span class='ocrx_word' id='word_1_250' title='bbox 703 3445 833 3513; x_wconf 73' lang='lat' dir='ltr'><strong>«Accipe</strong></span> <span class='ocrx_word' id='word_1_251' title='bbox 852 3461 926 3500; x_wconf 91' lang='lat' dir='ltr'><strong>nuno</strong></span> <span class='ocrx_word' id='word_1_252' title='bbox 940 3447 1009 3514; x_wconf 79' lang='lat' dir='ltr'><strong>quie</strong></span> <span class='ocrx_word' id='word_1_253' title='bbox 1022 3447 1097 3499; x_wconf 87' lang='lat' dir='ltr'><strong>sieut</strong></span> <span class='ocrx_word' id='word_1_254' title='bbox 1110 3447 1196 3497; x_wconf 87' lang='lat' dir='ltr'><strong>Pater</strong></span> <span class='ocrx_word' id='word_1_255' title='bbox 1208 3444 1279 3497; x_wconf 80' lang='lat' dir='ltr'><strong>iona·</strong></span> <span class='ocrx_word' id='word_1_256' title='bbox 1348 3437 1351 3442; x_wconf 74' lang='grc'><strong>’</strong></span> 
     </span>
     <span class='ocr_line' id='line_1_30' title="bbox 110 3533 1275 3605; baseline -0.002 -17"><span class='ocrx_word' id='word_1_257' title='bbox 110 3536 185 3599; x_wconf 73' lang='lat' dir='ltr'><strong>ritae</strong></span> <span class='ocrx_word' id='word_1_258' title='bbox 205 3540 260 3603; x_wconf 88' lang='lat' dir='ltr'><strong>est,</strong></span> <span class='ocrx_word' id='word_1_259' title='bbox 276 3537 319 3589; x_wconf 86' lang='lat' dir='ltr'><strong>ita</strong></span> <span class='ocrx_word' id='word_1_260' title='bbox 337 3537 425 3589; x_wconf 84' lang='lat' dir='ltr'><strong>etiam</strong></span> <span class='ocrx_word' id='word_1_261' title='bbox 443 3537 551 3589; x_wconf 75' lang='lat' dir='ltr'><strong>Filiam</strong></span> <span class='ocrx_word' id='word_1_262' title='bbox 569 3538 701 3605; x_wconf 84' lang='lat' dir='ltr'><strong>plerique</strong></span> <span class='ocrx_word' id='word_1_263' title='bbox 726 3538 834 3591; x_wconf 75' lang='lat' dir='ltr'><strong>fontem</strong></span> <span class='ocrx_word' id='word_1_264' title='bbox 862 3539 941 3591; x_wconf 84' lang='lat' dir='ltr'><strong>vitae</strong></span> <span class='ocrx_word' id='word_1_265' title='bbox 970 3539 1160 3590; x_wconf 84' lang='lat' dir='ltr'><strong>memorarunt</strong></span> <span class='ocrx_word' id='word_1_266' title='bbox 1186 3533 1275 3599; x_wconf 76' lang='lat' dir='ltr'><strong>signi-</strong></span> 
     </span>
     <span class='ocr_line' id='line_1_31' title="bbox 112 3610 1300 3695; baseline 0 -19"><span class='ocrx_word' id='word_1_267' title='bbox 112 3625 231 3694; x_wconf 82' lang='lat' dir='ltr'><strong>ficatum,</strong></span> <span class='ocrx_word' id='word_1_268' title='bbox 248 3642 279 3679; x_wconf 88' lang='lat' dir='ltr'><strong>eo</strong></span> <span class='ocrx_word' id='word_1_269' title='bbox 300 3626 373 3693; x_wconf 89' lang='lat' dir='ltr'><strong>qnod</strong></span> <span class='ocrx_word' id='word_1_270' title='bbox 393 3625 468 3693; x_wconf 88' lang='lat' dir='ltr'><strong>apud</strong></span> <span class='ocrx_word' id='word_1_271' title='bbox 487 3630 524 3694; x_wconf 87' lang='lat' dir='ltr'><strong>te,</strong></span> <span class='ocrx_word' id='word_1_272' title='bbox 542 3629 649 3695; x_wconf 88' lang='lat' dir='ltr'><strong>inquit,</strong></span> <span class='ocrx_word' id='word_1_273' title='bbox 676 3630 751 3681; x_wconf 88' lang='lat' dir='ltr'><strong>Dens</strong></span> <span class='ocrx_word' id='word_1_274' title='bbox 777 3628 965 3695; x_wconf 83' lang='lat' dir='ltr'><strong>omnipotens,</strong></span> <span class='ocrx_word' id='word_1_275' title='bbox 993 3627 1088 3680; x_wconf 81' lang='lat' dir='ltr'><strong>Filius</strong></span> <span class='ocrx_word' id='word_1_276' title='bbox 1120 3630 1186 3678; x_wconf 86' lang='lat' dir='ltr'><strong>tuns</strong></span> <span class='ocrx_word' id='word_1_277' title='bbox 1212 3610 1300 3681; x_wconf 76' lang='lat' dir='ltr'><strong>iona¹</strong></span> 
     </span>
     <span class='ocr_line' id='line_1_32' title="bbox 112 3712 1273 3785; baseline -0.003 -15"><span class='ocrx_word' id='word_1_278' title='bbox 112 3716 187 3770; x_wconf 79' lang='lat' dir='ltr'><strong>vitae</strong></span> <span class='ocrx_word' id='word_1_279' title='bbox 207 3717 257 3785; x_wconf 89' lang='lat' dir='ltr'><strong>sit,</strong></span> <span class='ocrx_word' id='word_1_280' title='bbox 273 3716 326 3770; x_wconf 89' lang='lat' dir='ltr'><strong>hoo</strong></span> <span class='ocrx_word' id='word_1_281' title='bbox 345 3721 398 3785; x_wconf 88' lang='lat' dir='ltr'><strong>est,</strong></span> <span class='ocrx_word' id='word_1_282' title='bbox 413 3718 478 3770; x_wconf 81' lang='lat' dir='ltr'><strong>fons</strong></span> <span class='ocrx_word' id='word_1_283' title='bbox 498 3717 624 3784; x_wconf 80' lang='lat' dir='ltr'><strong>Spirttus</strong></span> <span class='ocrx_word' id='word_1_284' title='bbox 643 3712 752 3785; x_wconf 84' lang='lat' dir='ltr'><strong>Sancti,</strong></span> <span class='ocrx_word' id='word_1_285' title='bbox 768 3718 835 3785; x_wconf 85' lang='lat' dir='ltr'><strong>quia</strong></span> <span class='ocrx_word' id='word_1_286' title='bbox 853 3717 979 3784; x_wconf 85' lang='lat' dir='ltr'><strong>Spiritus</strong></span> <span class='ocrx_word' id='word_1_287' title='bbox 1007 3718 1070 3769; x_wconf 88' lang='lat' dir='ltr'><strong>vita</strong></span> <span class='ocrx_word' id='word_1_288' title='bbox 1095 3719 1149 3769; x_wconf 86' lang='lat' dir='ltr'><strong>est.</strong></span> <span class='ocrx_word' id='word_1_289' title='bbox 1166 3735 1178 3762; x_wconf 80' lang='lat' dir='ltr'><strong>n</strong></span> <span class='ocrx_word' id='word_1_290' title='bbox 1194 3714 1273 3777; x_wconf 75' lang='lat' dir='ltr'><strong>Quod</strong></span> 
     </span>
     <span class='ocr_line' id='line_1_33' title="bbox 112 3805 1278 3874; baseline -0.001 -17"><span class='ocrx_word' id='word_1_291' title='bbox 112 3807 252 3874; x_wconf 86' lang='lat' dir='ltr'><strong>plerique,</strong></span> <span class='ocrx_word' id='word_1_292' title='bbox 269 3822 326 3858; x_wconf 87' lang='lat' dir='ltr'><strong>non</strong></span> <span class='ocrx_word' id='word_1_293' title='bbox 346 3810 439 3860; x_wconf 87' lang='lat' dir='ltr'><strong>tamen</strong></span> <span class='ocrx_word' id='word_1_294' title='bbox 464 3823 558 3860; x_wconf 88' lang='lat' dir='ltr'><strong>omnes</strong></span> <span class='ocrx_word' id='word_1_295' title='bbox 586 3808 617 3858; x_wconf 91' lang='lat' dir='ltr'><strong>in</strong></span> <span class='ocrx_word' id='word_1_296' title='bbox 645 3809 692 3861; x_wconf 87' lang='lat' dir='ltr'><strong>Ps.</strong></span> <span class='ocrx_word' id='word_1_297' title='bbox 717 3807 760 3859; x_wconf 82' lang='lat'><strong>35.</strong></span> <span class='ocrx_word' id='word_1_298' title='bbox 784 3809 827 3860; x_wconf 89' lang='grc'><strong>10.</strong></span> <span class='ocrx_word' id='word_1_299' title='bbox 853 3807 961 3860; x_wconf 82' lang='lat' dir='ltr'><strong>iontem</strong></span> <span class='ocrx_word' id='word_1_300' title='bbox 989 3806 1068 3859; x_wconf 86' lang='lat' dir='ltr'><strong>vitae</strong></span> <span class='ocrx_word' id='word_1_301' title='bbox 1104 3805 1278 3870; x_wconf 78' lang='lat' dir='ltr'><strong>intelligunt</strong></span> 
     </span>
     <span class='ocr_line' id='line_1_34' title="bbox 112 3894 1277 3964; baseline -0.003 -16"><span class='ocrx_word' id='word_1_302' title='bbox 112 3897 225 3964; x_wconf 73' lang='lat' dir='ltr'><strong>Filium,</strong></span> <span class='ocrx_word' id='word_1_303' title='bbox 242 3897 313 3951; x_wconf 83' lang='lat' dir='ltr'><strong>heac</strong></span> <span class='ocrx_word' id='word_1_304' title='bbox 334 3897 488 3951; x_wconf 83' lang='lat' dir='ltr'><strong>diversitas</strong></span> <span class='ocrx_word' id='word_1_305' title='bbox 509 3913 564 3949; x_wconf 88' lang='lat' dir='ltr'><strong>non</strong></span> <span class='ocrx_word' id='word_1_306' title='bbox 584 3912 651 3950; x_wconf 81' lang='lat' dir='ltr'><strong>sane</strong></span> <span class='ocrx_word' id='word_1_307' title='bbox 671 3896 706 3949; x_wconf 84' lang='lat' dir='ltr'><strong>ad</strong></span> <span class='ocrx_word' id='word_1_308' title='bbox 726 3898 816 3964; x_wconf 85' lang='lat' dir='ltr'><strong>ipsam</strong></span> <span class='ocrx_word' id='word_1_309' title='bbox 832 3897 999 3962; x_wconf 86' lang='lat' dir='ltr'><strong>doctrinam,</strong></span> <span class='ocrx_word' id='word_1_310' title='bbox 1016 3894 1088 3962; x_wconf 90' lang='lat' dir='ltr'><strong>quod</strong></span> <span class='ocrx_word' id='word_1_311' title='bbox 1101 3895 1196 3947; x_wconf 81' lang='lat' dir='ltr'><strong>Filius</strong></span> <span class='ocrx_word' id='word_1_312' title='bbox 1216 3909 1277 3947; x_wconf 90' lang='lat' dir='ltr'><strong>oum</strong></span> 
     </span>
     <span class='ocr_line' id='line_1_35' title="bbox 111 3984 1276 4056; baseline -0.005 -15"><span class='ocrx_word' id='word_1_313' title='bbox 111 3989 194 4044; x_wconf 80' lang='lat' dir='ltr'><strong>Patre</strong></span> <span class='ocrx_word' id='word_1_314' title='bbox 214 3989 280 4042; x_wconf 82' lang='lat' dir='ltr'><strong>iona</strong></span> <span class='ocrx_word' id='word_1_315' title='bbox 305 3990 451 4056; x_wconf 82' lang='lat' dir='ltr'><strong>vitasset,</strong></span> <span class='ocrx_word' id='word_1_316' title='bbox 468 3989 517 4042; x_wconf 89' lang='lat' dir='ltr'><strong>sed</strong></span> <span class='ocrx_word' id='word_1_317' title='bbox 532 3988 568 4040; x_wconf 87' lang='lat' dir='ltr'><strong>ad</strong></span> <span class='ocrx_word' id='word_1_318' title='bbox 583 3989 851 4055; x_wconf 85' lang='lat' dir='ltr'><strong>interpretationem</strong></span> <span class='ocrx_word' id='word_1_319' title='bbox 865 3987 1013 4039; x_wconf 82' lang='lat' dir='ltr'><strong>dumtaxat</strong></span> <span class='ocrx_word' id='word_1_320' title='bbox 1026 3984 1175 4038; x_wconf 87' lang='lat' dir='ltr'><strong>vorborum</strong></span> <span class='ocrx_word' id='word_1_321' title='bbox 1190 3984 1276 4037; x_wconf 87' lang='lat' dir='ltr'><strong>istius</strong></span> 
     </span>
     <span class='ocr_line' id='line_1_36' title="bbox 112 4067 1276 4149; baseline -0.006 -16"><span class='ocrx_word' id='word_1_322' title='bbox 112 4081 213 4146; x_wconf 79' lang='lat' dir='ltr'><strong>psalmi</strong></span> <span class='ocrx_word' id='word_1_323' title='bbox 225 4080 361 4133; x_wconf 82' lang='lat' dir='ltr'><strong>refertur.</strong></span> <span class='ocrx_word' id='word_1_324' title='bbox 376 4080 449 4132; x_wconf 89' lang='lat' dir='ltr'><strong>Hinc</strong></span> <span class='ocrx_word' id='word_1_325' title='bbox 460 4080 557 4133; x_wconf 87' lang='lat' dir='ltr'><strong>verbis</strong></span> <span class='ocrx_word' id='word_1_326' title='bbox 573 4079 690 4132; x_wconf 87' lang='lat' dir='ltr'><strong>disertis</strong></span> <span class='ocrx_word' id='word_1_327' title='bbox 704 4079 799 4132; x_wconf 89' lang='lat' dir='ltr'><strong>eodem</strong></span> <span class='ocrx_word' id='word_1_328' title='bbox 813 4080 872 4131; x_wconf 87' lang='lat' dir='ltr'><strong>loco</strong></span> <span class='ocrx_word' id='word_1_329' title='bbox 887 4077 934 4149; x_wconf 85' lang='lat' dir='ltr'><strong>(de</strong></span> <span class='ocrx_word' id='word_1_330' title='bbox 948 4067 1066 4143; x_wconf 43' lang='lat' dir='ltr'><strong>SpiriS.</strong></span> <span class='ocrx_word' id='word_1_331' title='bbox 1083 4077 1104 4129; x_wconf 92' lang='lat' dir='ltr'><strong>l.</strong></span> <span class='ocrx_word' id='word_1_332' title='bbox 1119 4078 1143 4130; x_wconf 92' lang='lat' dir='ltr'><strong>I.</strong></span> <span class='ocrx_word' id='word_1_333' title='bbox 1159 4091 1188 4129; x_wconf 91' lang='lat' dir='ltr'><strong>n.</strong></span> <span class='ocrx_word' id='word_1_334' title='bbox 1201 4072 1276 4144; x_wconf 76' lang='lat'><strong>120.)</strong></span> 
     </span>
     <span class='ocr_line' id='line_1_37' title="bbox 112 4163 1274 4237; baseline -0.006 -14"><span class='ocrx_word' id='word_1_335' title='bbox 112 4169 275 4225; x_wconf 75' lang='lat' dir='ltr'><strong>Ambrosius</strong></span> <span class='ocrx_word' id='word_1_336' title='bbox 294 4171 347 4224; x_wconf 85' lang='lat' dir='ltr'><strong>ait:</strong></span> <span class='ocrx_word' id='word_1_337' title='bbox 366 4191 379 4218; x_wconf 76' lang='lat' dir='ltr'><strong>a</strong></span> <span class='ocrx_word' id='word_1_338' title='bbox 399 4170 525 4236; x_wconf 90' lang='lat' dir='ltr'><strong>Spiritus</strong></span> <span class='ocrx_word' id='word_1_339' title='bbox 545 4185 655 4237; x_wconf 88' lang='lat' dir='ltr'><strong>quoque</strong></span> <span class='ocrx_word' id='word_1_340' title='bbox 674 4169 793 4222; x_wconf 86' lang='lat' dir='ltr'><strong>Sanetus</strong></span> <span class='ocrx_word' id='word_1_341' title='bbox 808 4185 867 4220; x_wconf 83' lang='lat' dir='ltr'><strong>rum</strong></span> <span class='ocrx_word' id='word_1_342' title='bbox 880 4166 1004 4235; x_wconf 84' lang='lat' dir='ltr'><strong>procedit</strong></span> <span class='ocrx_word' id='word_1_343' title='bbox 1018 4184 1034 4218; x_wconf 86' lang='lat' dir='ltr'><strong>a</strong></span> <span class='ocrx_word' id='word_1_344' title='bbox 1047 4163 1133 4218; x_wconf 83' lang='lat' dir='ltr'><strong>Patre</strong></span> <span class='ocrx_word' id='word_1_345' title='bbox 1145 4175 1171 4218; x_wconf 79' lang='lat' dir='ltr'><strong>et</strong></span> <span class='ocrx_word' id='word_1_346' title='bbox 1184 4166 1274 4232; x_wconf 83' lang='lat' dir='ltr'><strong>Filio,</strong></span> 
     </span>
     <span class='ocr_line' id='line_1_38' title="bbox 114 4255 1283 4330; baseline -0.004 -18"><span class='ocrx_word' id='word_1_347' title='bbox 114 4275 164 4314; x_wconf 89' lang='lat' dir='ltr'><strong>non</strong></span> <span class='ocrx_word' id='word_1_348' title='bbox 184 4264 338 4330; x_wconf 88' lang='lat' dir='ltr'><strong>separatur</strong></span> <span class='ocrx_word' id='word_1_349' title='bbox 361 4275 377 4310; x_wconf 91' lang='lat' dir='ltr'><strong>a</strong></span> <span class='ocrx_word' id='word_1_350' title='bbox 402 4261 498 4327; x_wconf 82' lang='lat' dir='ltr'><strong>Patre,</strong></span> <span class='ocrx_word' id='word_1_351' title='bbox 522 4276 579 4312; x_wconf 91' lang='lat' dir='ltr'><strong>non</strong></span> <span class='ocrx_word' id='word_1_352' title='bbox 610 4263 758 4326; x_wconf 86' lang='lat' dir='ltr'><strong>separatur</strong></span> <span class='ocrx_word' id='word_1_353' title='bbox 784 4274 801 4311; x_wconf 84' lang='lat' dir='ltr'><strong>a</strong></span> <span class='ocrx_word' id='word_1_354' title='bbox 827 4257 914 4310; x_wconf 81' lang='lat' dir='ltr'><strong>Filio.</strong></span> <span class='ocrx_word' id='word_1_355' title='bbox 940 4256 1174 4319; x_wconf 76' lang='lat' dir='ltr'><strong>Quemadmodum</strong></span> <span class='ocrx_word' id='word_1_356' title='bbox 1203 4255 1283 4319; x_wconf 76' lang='lat' dir='ltr'><strong>enim</strong></span> 
     </span>
     <span class='ocr_line' id='line_1_39' title="bbox 116 4345 1278 4420; baseline -0.004 -17"><span class='ocrx_word' id='word_1_357' title='bbox 116 4346 240 4420; x_wconf 74' lang='lat' dir='ltr'><strong>separari</strong></span> <span class='ocrx_word' id='word_1_358' title='bbox 259 4353 359 4417; x_wconf 87' lang='lat' dir='ltr'><strong>potest</strong></span> <span class='ocrx_word' id='word_1_359' title='bbox 386 4366 402 4401; x_wconf 86' lang='lat' dir='ltr'><strong>a</strong></span> <span class='ocrx_word' id='word_1_360' title='bbox 430 4349 526 4416; x_wconf 82' lang='lat' dir='ltr'><strong>Patre,</strong></span> <span class='ocrx_word' id='word_1_361' title='bbox 543 4351 592 4416; x_wconf 87' lang='lat' dir='ltr'><strong>qai</strong></span> <span class='ocrx_word' id='word_1_362' title='bbox 620 4349 745 4416; x_wconf 86' lang='lat' dir='ltr'><strong>Spiritus</strong></span> <span class='ocrx_word' id='word_1_363' title='bbox 773 4347 832 4401; x_wconf 86' lang='lat' dir='ltr'><strong>oris</strong></span> <span class='ocrx_word' id='word_1_364' title='bbox 858 4347 919 4399; x_wconf 89' lang='lat' dir='ltr'><strong>eius</strong></span> <span class='ocrx_word' id='word_1_365' title='bbox 940 4347 997 4398; x_wconf 82' lang='lat' dir='ltr'><strong>est?</strong></span> <span class='ocrx_word' id='word_1_366' title='bbox 1019 4345 1094 4414; x_wconf 86' lang='lat' dir='ltr'><strong>qnod</strong></span> <span class='ocrx_word' id='word_1_367' title='bbox 1122 4347 1220 4412; x_wconf 88' lang='lat' dir='ltr'><strong>utique</strong></span> <span class='ocrx_word' id='word_1_368' title='bbox 1249 4346 1278 4399; x_wconf 82' lang='lat' dir='ltr'><strong>ct</strong></span> 
     </span>
     <span class='ocr_line' id='line_1_40' title="bbox 117 4422 1280 4510; baseline -0.011 -12"><span class='ocrx_word' id='word_1_369' title='bbox 117 4441 298 4498; x_wconf 78' lang='lat' dir='ltr'><strong>aeternitatis</strong></span> <span class='ocrx_word' id='word_1_370' title='bbox 323 4435 526 4510; x_wconf 61' lang='lat' dir='ltr'><strong>indiciumac</strong></span> <span class='ocrx_word' id='word_1_371' title='bbox 555 4426 723 4495; x_wconf 83' lang='lat' dir='ltr'><strong>divinitatis</strong></span> <span class='ocrx_word' id='word_1_372' title='bbox 751 4427 888 4506; x_wconf 72' lang='lat' dir='ltr'><strong>exprimit</strong></span> <span class='ocrx_word' id='word_1_373' title='bbox 915 4437 1065 4491; x_wconf 79' lang='lat' dir='ltr'><strong>unitatem·</strong></span> <span class='ocrx_word' id='word_1_374' title='bbox 1085 4444 1113 4487; x_wconf 75' lang='grc' dir='ltr'><strong>ι’</strong></span> <span class='ocrx_word' id='word_1_375' title='bbox 1142 4436 1145 4443; x_wconf 90' lang='grc'><strong><em>’</em></strong></span> <span class='ocrx_word' id='word_1_376' title='bbox 1278 4422 1280 4427; x_wconf 71' lang='grc'><strong>’</strong></span> 
     </span>
    </p>
   </div>
   <div class='ocr_carea' id='block_1_4' title="bbox 0 0 1585 4988">
    <p class='ocr_par' dir='ltr' id='par_1_4' title="bbox 0 0 1585 4988">
     <span class='ocr_line' id='line_1_41' title="bbox 0 0 1585 4988; baseline 0 0"><span class='ocrx_word' id='word_1_377' title='bbox 0 0 1585 4988; x_wconf 95' lang='lat' dir='ltr'><strong> </strong></span> 
     </span>
    </p>
   </div>
  </div>
 </body>
</html>
