3120 4988
612 335 770 395 ..51-

91 439 252 528 Spiritus
275 461 397 528 nempe
422 447 515 509 certe
539 441 672 529 accipit
688 463 708 507 a
726 441 830 508 Patre
847 440 941 509 sicut
958 439 1144 508 essentiam
1169 440 1275 512 itaet

91 547 289 628 scientiam,
315 553 351 614 et
376 547 412 613 in
436 547 606 629 relatione
632 547 678 612 ad
703 564 806 615 entra
830 548 1063 636 operationem
1086 571 1125 616 ac
1143 549 1273 617 doctri·

92 636 197 741 nam3
225 655 325 743 atqui
339 656 454 721 omnia
478 678 713 746 quaecumque
737 665 822 723 sunt
840 657 970 737 Patris,
990 658 1142 747 adeoque
1167 658 1274 725 nomi-

92 762 207 829 natim
230 762 280 845 id,
300 762 425 853 dequo
449 763 487 830 in
512 770 678 830 contentu
706 764 840 832 directe
855 767 989 853 agitur,
1009 766 1129 833 virtus
1154 788 1273 855 nempe

93 869 419 938 communicationis
443 870 480 936 in
498 871 671 959 Spiritum
685 869 865 954 Sanctum,
887 895 960 940 mea
976 885 1071 957 sunt;
1090 886 1273 962 propterea

93 977 128 1047 h.
148 999 179 1045 e.
206 989 349 1067 propter
384 978 607 1046 identitatem
634 979 751 1044 Patris
775 987 811 1046 et
835 979 921 1076 Filii
946 980 982 1045 in
1018 982 1176 1047 omnibus
1200 987 1271 1069 (ex-

94 1093 194 1174 cepta
216 1085 389 1153 relatione
421 1094 544 1152 mutua
574 1087 805 1173 paternitatis
829 1096 867 1154 et
890 1087 1091 1173 filiationis)
1116 1088 1272 1177 Spiritus

94 1193 272 1285 veritatis,
299 1192 383 1283 quia
407 1193 448 1259 de
472 1215 510 1260 eo
535 1193 626 1282 quod
651 1200 705 1260 est
722 1194 840 1261 Patris
858 1193 893 1263 h.
909 1170 938 1262 θ’.
960 1195 1102 1262 aPatre
1125 1195 1268 1283 accipit,

9 1377 11 1381 ⁸
95 1302 199 1369 etiam
222 1300 339 1368 eodem
358 1301 455 1367 modo
479 1301 609 1388 accipit
633 1300 674 1367 de
700 1323 772 1368 meo
791 1301 825 1368 h.
842 1324 872 1369 e.
894 1325 995 1369 ame.
1014 1302 1162 1370 Infinita
1178 1302 1272 1372 veri·

94 1415 148 1475 tas
175 1408 375 1477 formaliter
400 1414 440 1474 ut
464 1417 518 1476 est
542 1410 578 1475 in
603 1408 728 1490 Patre,
756 1410 943 1500 eademque
967 1431 1108 1476 numero
1137 1411 1271 1478 veritas

57 1577 61 1588 ,
95 1515 292 1583 formaliter
316 1523 356 1581 ut
372 1513 477 1581 estin
493 1515 600 1596 Filio,
621 1516 898 1584 communicatur
917 1517 1073 1606 Spiritui
1091 1517 1268 1585 veritatis.

94 1623 188 1690 Haec
204 1623 470 1690 communicatio
487 1629 540 1689 est
557 1624 718 1712 spiratio,
738 1623 822 1692 haec
840 1624 997 1712 acceptio
1014 1634 1067 1692 est
1084 1628 1268 1712 processio;

96 1750 165 1796 una
189 1751 273 1818 ergo
296 1735 351 1797 est
374 1729 546 1818 spiratio,
573 1752 644 1798 una
673 1732 845 1819 processio
871 1730 1028 1821 Spiritus
1053 1732 1218 1799 veritatis
1249 1752 1271 1798 a

96 1834 201 1904 Patre
225 1851 260 1904 et
283 1835 389 1904 Filio.

162 1947 292 2014 Verum
308 1945 487 2013 Macarius
511 1947 701 2013 absurdum
728 1953 956 2016 commentum
977 1946 1144 2036 supponit
1160 1947 1196 2012 in
1215 1968 1269 2014 oa·

98 2050 257 2134 tholicis,
285 2076 334 2120 ac·
349 2053 378 2118 si
405 2052 598 2139 diceremus
622 2052 796 2142 Spiritum
823 2053 989 2122 Sanctum
1020 2054 1202 2141 procedere
1227 2053 1270 2121 ab

97 2170 236 2227 aeterno
255 2161 501 2248 ignorantem
528 2184 569 2229 ac
594 2161 718 2228 deinde
742 2163 924 2250 supposita
952 2163 1167 2252 processione
1193 2184 1270 2250 per-

98 2291 196 2338 sonae
220 2270 362 2336 divinae
388 2268 491 2336 simul
516 2277 552 2334 et
575 2270 775 2356 ignorantis
799 2271 877 2357 (ll),
905 2272 1062 2358 accipere
1083 2270 1268 2338 scientiam

97 2399 116 2442 a
138 2377 244 2445 Filio.
271 2376 364 2457 Quia
389 2374 452 2443 hoc
476 2376 658 2444 evidenter
683 2386 870 2464 repugnat,
891 2378 970 2445 inde
989 2377 1062 2464 ipse
1077 2377 1266 2462 concludit,

98 2484 158 2553 illa
185 2487 289 2553 verba
309 2515 323 2548 a
340 2486 381 2552 de
406 2504 476 2552 meo
500 2484 690 2572 accipiet»
714 2509 780 2551 non
809 2508 906 2574 posse
924 2486 1048 2554 habere
1066 2486 1176 2557 elium
1194 2509 1268 2553 sen-

98 2615 168 2657 sum
194 2592 263 2657 nisi
282 2589 392 2656 huno:
415 2619 429 2652 u
447 2590 606 2676 Spiritus
623 2590 776 2658 Sanctus
794 2603 1024 2682 prosequetur
1040 2599 1122 2682 post
1137 2616 1188 2660 me
1207 2615 1268 2660 vos

99 2700 215 2766 docere
241 2720 347 2788 meam
373 2698 568 2764 doctrinam
593 2706 630 2764 et
652 2719 720 2766 non
745 2699 882 2765 aliam»
904 2700 971 2789 (l).
1052 2688 1054 2695 ⁴

160 2806 227 2874 Sed
254 2806 408 2894 profecto
426 2805 515 2893 quod
539 2827 606 2871 una
625 2829 770 2893 persona
794 2807 918 2874 divina
935 2809 1063 2894 occipit
1087 2807 1268 2875 scientiam

98 2919 129 2981 et
151 2913 347 2981 doctrinam
371 2913 414 2977 ab
438 2911 508 2977 alia
534 2912 656 2979 divina
682 2935 840 3000 persona,
860 2937 922 2982 nec
947 2914 1127 3001 significat
1152 2913 1269 2982 imme-

98 3020 187 3088 diate
211 3018 415 3088 reiationenr
441 3019 484 3085 ad
509 3032 628 3099 extra,
656 3042 717 3088 nec
748 3028 863 3108 potest
886 3021 1090 3109 significare
1115 3031 1267 3088 tantum·

97 3129 202 3208 modo,
232 3148 334 3194 unam
360 3148 539 3214 personam
564 3127 685 3193 docere
700 3127 894 3194 doctrinam
921 3149 1086 3217 personae
1103 3128 1264 3196 alterius.

163 3271 206 3347 (l)
229 3293 241 3322 a
263 3273 344 3326 cette
363 3273 571 3340 expressionzn
595 3271 618 3323 il
637 3287 753 3324 rcrevra
773 3273 806 3326 dc
825 3290 855 3328 oc
875 3275 923 3341 qui
944 3280 989 3328 est
1008 3279 1024 3328 a
1043 3275 1108 3340 moi,
1121 3281 1149 3328 et
1164 3276 1184 3327 il
1198 3274 1268 3329 vous

96 3365 277 3418 l'annoncera
293 3384 305 3411 n
320 3363 473 3434 (articulus
492 3365 519 3414 le
537 3377 591 3414 non
612 3372 657 3414 est
676 3364 846 3430 evangelii),
862 3380 896 3416 ne
910 3365 972 3416 doit
989 3383 1038 3433 pas
1053 3371 1113 3418 atre
1126 3368 1266 3432 comprise

95 3453 180 3506 elusi:
198 3451 338 3517 ul'Esprit
351 3451 437 3506 saint
453 3453 544 3505 tirera
558 3451 591 3503 dc
607 3452 661 3502 moi
676 3467 706 3502 ee
722 3455 793 3517 qu'il
811 3468 845 3504 ne
858 3457 1034 3506 connaissait
1052 3470 1101 3520 pas
1114 3460 1144 3504 et
1158 3454 1267 3504 n'avait

97 3558 144 3609 pas
163 3547 357 3608 auparavant,
375 3555 439 3593 noar
457 3541 588 3606 l'Euprit,
610 3555 644 3589 en
664 3547 728 3590 tant
755 3557 809 3608 quc
827 3544 908 3604 Dion,
931 3545 991 3595 nait
1009 3548 1071 3596 tout
1089 3546 1120 3594 et
1149 3539 1267 3608 possode

96 3635 155 3684 tout
174 3631 208 3684 de
229 3636 308 3683 toute
327 3629 460 3682 eternite.
478 3631 549 3683 llais
570 3631 643 3682 voici
664 3646 766 3683 comma
786 3634 809 3684 il
831 3633 892 3685 lant
910 3632 1070 3686 l'entendre
1091 3630 1132 3701 (h.
1149 3647 1173 3683 e.
1200 3645 1265 3698 quo·

97 3720 173 3773 nodo
193 3723 326 3785 oporteat
344 3719 432 3770 verba
452 3717 561 3771 Christi
582 3725 691 3770 mutare
711 3720 741 3777 iu
761 3721 820 3773 aliu
841 3722 954 3773 omnino
980 3720 1105 3786 diversa,
1124 3724 1157 3771 ut
1184 3721 1268 3773 salva

98 3811 135 3863 tit
155 3809 287 3863 haeresis
306 3803 472 3880 Photiana):
497 3810 542 3861 sil
563 3811 731 3862 continuere
751 3815 835 3876 apres
855 3813 908 3862 moi
930 3814 946 3863 a
965 3826 1035 3863 vous
1054 3811 1206 3874 enseigner
1224 3826 1270 3863 ma

96 3899 233 3966 doctrine,
255 3904 285 3951 et
303 3915 358 3951 non
378 3899 462 3966 point
480 3914 533 3951 une
554 3905 643 3952 autre.
660 3902 966 3966 »paternationum
986 3901 1058 3953 illud
1078 3903 1199 3954 incisum
1223 3917 1266 3955 re·

96 3993 252 4058 stringens,
269 3997 407 4056 quotenus
425 3991 508 4051 Deus,
525 3993 620 4042 mouet
638 4004 690 4041 nos
716 3991 864 4043 secuudum
895 3992 980 4044 alium
1008 3990 1148 4059 quendam
1176 3992 1265 4045 ratio·

95 4095 164 4148 nom,
180 4094 282 4146 nempe
302 4078 452 4131 secundum
472 4079 546 4146 quod
566 4085 611 4132 eet
626 4099 638 4125 u
654 4095 797 4133 successor
814 4080 971 4133 christiin
988 4086 1076 4147 terra,
1095 4101 1107 4126 n
1124 4081 1263 4147 Spiritum

95 4169 224 4224 Sanctum
244 4184 302 4221 uon
322 4168 416 4220 omnla
435 4169 530 4221 scirell
552 4180 586 4220 ex
606 4183 661 4234 quo
681 4183 747 4220 saue
769 4169 840 4222 duae
861 4173 980 4222 naturae
1009 4170 1137 4236 Spiritus
1167 4168 1266 4224 Sancti

94 4256 387 4324 confingendaeeunt5
409 4259 472 4310 sine
501 4259 553 4310 hac
583 4259 658 4309 onim
686 4258 801 4309 fictione
830 4257 956 4324 Spiritus
985 4260 1107 4312 Sanctus
1139 4257 1265 4325 proiecto

95 4353 183 4404 omnia
213 4350 280 4416 scit,
306 4348 400 4400 omnia
420 4346 510 4415 docet,
527 4347 621 4400 omnia
640 4353 784 4416 operatur,
801 4355 938 4415 quotenus
957 4350 1033 4402 Deua
1052 4357 1099 4414 cot,
1117 4350 1184 4417 quia
1208 4362 1264 4399 non

96 4434 136 4494 ist
152 4426 237 4496 aliud
256 4453 339 4506 quam
358 4439 444 4494 Deus.
