3120 4988
797 276 834 290 ..
855 244 894 308 20
914 277 953 290 -

292 350 427 434 tincto,
465 350 616 420 secunda
639 372 660 416 a
683 349 797 440 prima
828 357 868 418 ut
899 351 1052 420 Verbum
1080 375 1121 420 ex
1151 356 1265 421 mente
1287 353 1466 445 (quemad-

294 458 432 526 modum
456 458 579 526 Patres
602 458 816 548 explicant),
843 463 879 526 et
902 460 1084 549 supposita
1107 460 1332 549 generatione
1355 460 1466 528 Verbi

295 587 443 657 persona
467 567 574 634 tertia
597 589 618 633 a
640 567 755 655 prima
778 575 813 634 ct
830 569 1001 652 secunda,
1029 575 1069 636 ut
1092 591 1188 637 amor
1212 570 1407 638 subsistens
1431 574 1466 636 et

295 698 480 765 expressus
504 697 575 742 una
599 676 770 743 communi
795 677 981 745 directione
1001 676 1120 744 Patris
1144 683 1179 744 et
1202 676 1308 764 Filii,
1335 699 1377 743 cx
1402 678 1467 744 hoo

296 783 440 872 inquam
465 781 625 870 dogmate
650 783 803 865 inferre,
828 783 962 851 Filium
985 805 1006 849 a
1029 806 1096 874 quo
1131 782 1287 872 procedit
1311 781 1468 870 Spiritus

298 887 450 957 Sanctus
475 895 515 956 ut
538 891 582 957 ab
606 912 674 957 uno
698 914 775 958 oum
792 891 896 959 Patre
910 891 1095 980 principio,
1113 892 1295 981 procedere
1311 890 1470 958 vicissim

297 1017 319 1062 a
342 995 482 1086 Spiritu
507 996 654 1082 Sancto,
682 1004 746 1065 aut
781 997 953 1088 Spiritum
978 998 1146 1067 Sanctum
1181 999 1366 1088 procedere
1390 1021 1411 1065 o
1435 1022 1471 1067 se

299 1104 385 1192 ipso,
413 1127 495 1171 sane
520 1105 769 1173 stultissimum
794 1111 860 1174 est.
887 1107 981 1188 uuio
1005 1107 1174 1174 enimest
1196 1107 1371 1195 processio
1392 1129 1468 1195 per·

299 1233 403 1280 sonae
427 1212 582 1296 divinae,
601 1213 671 1280 nisi
696 1214 786 1305 quod
810 1215 1074 1282 subsistentiam
1097 1215 1204 1282 habet
1226 1221 1261 1282 et
1284 1214 1472 1282 communi·

302 1327 415 1390 eatam
438 1327 601 1388 naturam
616 1322 659 1387 ab
675 1320 748 1387 alia
765 1322 934 1410 persona?
949 1322 1000 1388 Eo
1015 1345 1099 1410 ergo
1114 1323 1189 1412 ipso
1207 1323 1297 1412 quod
1314 1321 1474 1410 Spiritus

302 1429 455 1496 Sanctus
471 1427 577 1496 habet
592 1436 755 1496 naturam
768 1431 1057 1498 communicatam
1072 1431 1208 1499 aPatre
1224 1438 1260 1499 et
1275 1430 1380 1513 Filio,
1399 1451 1475 1497 eam

302 1558 371 1604 non
396 1535 501 1603 habet
524 1556 545 1601 a
569 1558 604 1602 se
628 1535 722 1605 sicut
743 1538 860 1620 Peter,
879 1561 941 1606 nec
962 1539 1248 1606 communicatam
1272 1560 1293 1604 a
1316 1561 1364 1622 se,
1383 1538 1475 1628 quod

303 1642 484 1712 evidenter
506 1651 704 1734 repugnat,
731 1666 794 1714 nec
817 1644 890 1735 ipse
913 1666 987 1714 eum
1021 1647 1254 1714 communicat
1277 1647 1352 1716 sive
1376 1644 1477 1716 Patri

303 1750 379 1819 sive
401 1749 508 1819 Filio.

372 1863 612 1953 coaeternitas
636 1863 838 1932 divinarum
862 1884 1100 1952 personarum,
1120 1863 1161 1931 de
1177 1885 1246 1954 qua
1261 1860 1376 1929 nescio
1393 1860 1477 1951 quid

306 1978 503 2040 murmurat
526 1971 715 2056 Macarius,
731 1981 886 2060 tempora
908 1969 1017 2053 tollit,
1037 1971 1096 2039 sed
1119 1992 1187 2037 non
1210 1969 1308 2036 tollit
1324 1969 1479 2036 ordinem

307 2079 458 2170 originis
490 2079 691 2148 divinarum
715 2101 940 2168 personarum
970 2085 1087 2146 ratum
1122 2078 1260 2180 omnino
1294 2098 1338 2175 ac
1370 2077 1478 2143 fixum

307 2188 389 2277 (Th.
405 2187 596 2273 XXXIII.)
619 2187 690 2274 (1),
716 2188 785 2254 nisi
810 2188 902 2255 forte
935 2195 1076 2276 propter
1100 2184 1384 2252 coaeternitatem
1407 2183 1479 2250 Ma·
1553 2207 1557 2214 ·

308 2297 426 2366 carius
450 2295 561 2379 dicat,
584 2317 623 2363 eo
647 2295 747 2387 quod,
761 2294 912 2363 secunda
936 2315 1083 2384 persone
1106 2301 1295 2382 generatur
1315 2312 1337 2356 a
1353 2290 1479 2380 primo,

377 2478 420 2556 (1)
441 2501 454 2529 a
476 2482 620 2550 Numquid
640 2497 706 2547 ergo
726 2495 873 2549 possumus
892 2495 1037 2547 quaerere,
1059 2482 1154 2531 utrum
1174 2477 1231 2529 iarn
1250 2479 1429 2543 processerat
1449 2475 1481 2528 de

309 2576 395 2628 Patre
414 2575 541 2642 Spiritus
560 2573 689 2640 Sanctus,
706 2571 817 2641 quando
836 2576 921 2626 natus
941 2575 986 2624 est
998 2570 1103 2637 Filium
1119 2586 1155 2621 an
1170 2568 1292 2621 nondum
1306 2569 1485 2635 processerat

310 2670 341 2720 et
359 2666 413 2718 illo
432 2668 501 2717 nato
521 2664 555 2716 ds
585 2669 706 2731 utroque
735 2655 889 2731 processit,
916 2662 966 2715 ubi
990 2662 1070 2714 nulla
1097 2664 1164 2714 suut
1190 2659 1483 2727 temporat...Nou

311 2760 434 2826 possunt
460 2770 576 2823 prorsus
603 2756 662 2809 iste
680 2755 724 2807 ibi
747 2755 860 2822 quaeri,
885 2755 934 2808 ubi
957 2753 1034 2806 nihil
1060 2769 1095 2804 ex
1115 2755 1240 2818 tempore
1259 2751 1431 2814 inchoetur,
1452 2752 1485 2802 ut

313 2847 500 2914 consequenti
520 2846 683 2914 perficiatur
702 2846 733 2897 in
757 2849 901 2911 tempore,
929 2847 1103 2911 quapropter
1123 2841 1171 2908 qui
1197 2843 1293 2908 potest
1317 2840 1485 2904 intelligere

286 2962 288 2968 ·
313 2938 376 2990 sine
396 2941 522 3003 tempore
542 2936 754 3001 generationem
773 2935 845 2987 Filii
865 2934 898 2986 de
918 2934 1013 3000 Patre,
1030 2932 1183 2996 intelligat
1202 2933 1264 2983 sine
1283 2935 1409 2997 tempore
1423 2945 1486 2996 pro·

314 3029 470 3082 cessionem
490 3026 617 3093 Spiritus
637 3025 734 3078 Sancti
755 3024 788 3077 de
807 3028 936 3091 utroque.
960 3024 998 3075 Et
1026 3023 1076 3089 qui
1101 3025 1198 3088 potest
1224 3020 1391 3083 intelligere
1408 3061 1414 3073 .

315 3120 358 3172 ita
379 3134 439 3171 eum
459 3118 522 3170 sine
541 3120 666 3184 tempore
692 3116 858 3181 genuisse,¹
874 3118 907 3166 ut
932 3113 995 3168 vita
1019 3128 1100 3180 quarn
1128 3113 1214 3164 Pater
1238 3103 1314 3164 Filio
1344 3106 1487 3174 gignendo

316 3210 407 3276 dedit,
425 3212 577 3262 coaeterna
596 3208 637 3259 sit
655 3206 734 3259 vitos
754 3206 850 3258 Patris
870 3205 919 3273 qni
935 3203 1024 3271 dedit,
1040 3203 1191 3267 intelligat
1210 3201 1284 3255 siout
1302 3200 1488 3253 hebetPatcr

316 3303 348 3356 in
368 3300 533 3366 semetipso,
546 3301 580 3349 ut
599 3296 632 3349 de
652 3297 705 3349 illo
725 3294 859 3363 procedat
877 3295 1004 3362 Spiritus
1024 3293 1153 3358 Sanctus,
1170 3291 1212 3344 sic
1230 3290 1342 3354 dedisse
1355 3289 1442 3354 Filio,
1458 3291 1491 3340 ut

318 3392 353 3446 de
372 3393 425 3445 illo
445 3387 579 3458 procedat
597 3387 672 3440 idem
686 3386 812 3453 Spiritus
825 3386 956 3452 Sanctus,
972 3388 1000 3437 et
1014 3389 1163 3449 utrumque
1178 3383 1240 3435 sine
1255 3385 1388 3447 temporc;
1405 3383 1490 3446 atquo

318 3485 362 3537 ita
383 3482 499 3547 dictum,
515 3480 656 3547 Spiritum
670 3477 802 3530 Sanctum
823 3476 855 3528 ds
875 3456 1141 3541 Patre'procedere,
1155 3475 1189 3524 ut
1207 3471 1402 3536 intelligatur,
1418 3467 1491 3535 quod

321 3575 408 3628 etiam
428 3571 558 3640 procedit
576 3570 609 3622 de
629 3570 717 3636 silio,
733 3568 766 3621 ds
785 3568 870 3619 Patre
891 3581 952 3618 esse
972 3565 1049 3617 mue
1067 3559 1134 3639 (hoc
1153 3563 1245 3628 ipsum
1265 3559 1337 3627 quod
1363 3559 1490 3625 Spiritus

319 3663 441 3717 Sanctus
461 3660 591 3728 procedit
610 3660 697 3712 etiam
717 3676 734 3711 a
752 3657 840 3722 Filio,
855 3656 961 3708 Filium
980 3655 1084 3708 habere
1104 3652 1336 3707 communicatum
1351 3667 1368 3702 a
1380 3644 1488 3721 Patre).

320 3754 352 3807 Si
372 3753 447 3805 enim
468 3749 607 3819 quidquid
627 3750 723 3815 hahet,
740 3749 773 3800 de
792 3750 876 3800 Patre
896 3746 983 3799 habet
1001 3745 1105 3811 Filium
1121 3743 1153 3795 dc
1173 3745 1256 3795 Patre
1276 3741 1363 3792 habet
1380 3741 1489 3805 utique,

320 3846 354 3896 ut
372 3846 402 3893 et
420 3839 454 3893 de
474 3841 526 3893 illo
547 3837 679 3906 procedat
698 3837 825 3904 Spiritus
844 3836 974 3889 Sanctus.
990 3832 1045 3886 Sed
1065 3833 1147 3884 nulla
1166 3831 1208 3884 ibi
1227 3834 1353 3895 tempora
1367 3828 1492 3893 cogiten-

321 3937 380 3999 tur,
409 3946 480 3999 quee
499 3931 608 3984 babent
626 3930 704 3996 prius
724 3931 754 3980 et
772 3927 925 3994 posterius,
950 3925 1019 3992 quia
1038 3923 1151 3976 omnino
1170 3920 1252 3973 nulla
1270 3920 1313 3971 ibi
1331 3923 1399 3970 suut
1413 3957 1420 3970 .
1436 3955 1443 3969 .

322 4023 409 4075 Pater
429 4021 505 4072 solus
525 4035 581 4072 uon
601 4023 646 4071 est
674 4016 707 4069 de
727 4018 805 4082 alio,
827 4019 855 4068 st
873 4015 938 4068 ideo
963 4016 1041 4066 solus
1066 4013 1228 4078 appellatur
1252 4009 1399 4073 ingenitus
1415 4045 1422 4060 .
1436 4043 1444 4060 .
1460 4043 1493 4060 ..

323 4111 419 4164 rinus
439 4113 532 4161 autem
552 4108 586 4161 de
604 4110 688 4160 Patre
708 4110 795 4158 natus
814 4108 879 4173 est,
903 4109 932 4157 et
951 4103 1078 4172 Spiritus
1097 4099 1215 4153 Sanctus
1234 4099 1268 4150 de
1288 4100 1371 4150 Patre
1388 4095 1495 4164 princi·

323 4202 431 4270 paliter
459 4195 732 4271 (προκαταρκτικως),
754 4197 863 4262 etipse
882 4195 944 4249 sine
963 4196 1024 4247 ullo
1049 4193 1184 4260 temporis
1210 4191 1368 4245 intervallo
1397 4189 1493 4255 dante,

324 4290 510 4346 communiter
530 4287 563 4340 de
581 4294 701 4357 utroque
721 4287 872 4356 procedit.
889 4328 896 4342 .
912 4326 919 4340 .
936 4285 1020 4338 ‚Non
1040 4283 1074 4336 ab
1093 4286 1215 4350 utroque
1235 4285 1279 4334 est
1299 4275 1423 4345 genitus,
1444 4278 1494 4333 sed

327 4379 457 4450 procedit
474 4379 510 4432 ab
529 4383 650 4446 utroque
669 4379 817 4447 amborum,
826 4375 953 4444 Spiritus
966 4396 979 4424 n
990 4373 1110 4438 August.
1124 4373 1204 4426 'Prin
1220 4371 1241 4425 l.
1255 4372 1319 4427 XV.
1333 4386 1363 4422 n.
1377 4369 1422 4422 47.
