<?xml version="1.0" encoding="UTF-8"?>
<!DOCTYPE html PUBLIC "-//W3C//DTD XHTML 1.0 Transitional//EN"
    "http://www.w3.org/TR/xhtml1/DTD/xhtml1-transitional.dtd">
<html xmlns="http://www.w3.org/1999/xhtml" xml:lang="en" lang="en">
 <head>
  <title>
</title>
<meta http-equiv="Content-Type" content="text/html;charset=utf-8" />
  <meta name='ocr-system' content='tesseract 3.04.00' />
  <meta name='ocr-capabilities' content='ocr_page ocr_carea ocr_par ocr_line ocrx_word'/>
</head>
<body>
  <div class='ocr_page' id='page_1' title='image "./ioannisbaptfran00frangoog_0186.png"; bbox 0 0 3158 4980; ppageno 0'>
   <div class='ocr_carea' id='block_1_1' title="bbox 59 288 1359 4474">
    <p class='ocr_par' dir='ltr' id='par_1_1' title="bbox 91 288 1285 811">
     <span class='ocr_line' id='line_1_1' title="bbox 614 288 792 352; baseline 0 0"><span class='ocrx_word' id='word_1_1' title='bbox 614 288 792 352; x_wconf 77' lang='lat'><strong>-181-</strong></span> 
     </span>
     <span class='ocr_line' id='line_1_2' title="bbox 116 392 1284 485; baseline -0.003 -20"><span class='ocrx_word' id='word_1_2' title='bbox 116 403 148 466; x_wconf 88' lang='lat' dir='ltr'>et</span> <span class='ocrx_word' id='word_1_3' title='bbox 170 404 252 468; x_wconf 88' lang='lat' dir='ltr'>octo</span> <span class='ocrx_word' id='word_1_4' title='bbox 275 419 322 467; x_wconf 86' lang='lat' dir='ltr'>ss.</span> <span class='ocrx_word' id='word_1_5' title='bbox 341 398 516 466; x_wconf 86' lang='lat' dir='ltr'>Patribus.</span> <span class='ocrx_word' id='word_1_6' title='bbox 542 397 691 485; x_wconf 77' lang='lat' dir='ltr'>Insuper</span> <span class='ocrx_word' id='word_1_7' title='bbox 714 400 831 464; x_wconf 90' lang='lat' dir='ltr'>autem</span> <span class='ocrx_word' id='word_1_8' title='bbox 846 394 907 485; x_wconf 92' lang='lat' dir='ltr'>qui</span> <span class='ocrx_word' id='word_1_9' title='bbox 924 394 960 460; x_wconf 93' lang='lat' dir='ltr'>in</span> <span class='ocrx_word' id='word_1_10' title='bbox 978 392 1116 484; x_wconf 77' lang='lat' dir='ltr'>Epheso</span> <span class='ocrx_word' id='word_1_11' title='bbox 1132 393 1232 484; x_wconf 88' lang='lat' dir='ltr'>prius</span> <span class='ocrx_word' id='word_1_12' title='bbox 1248 397 1284 462; x_wconf 90' lang='lat' dir='ltr'>et</span> 
     </span>
     <span class='ocr_line' id='line_1_3' title="bbox 111 501 1285 594; baseline -0.005 -20"><span class='ocrx_word' id='word_1_13' title='bbox 111 508 172 594; x_wconf 80' lang='lat' dir='ltr'>qui</span> <span class='ocrx_word' id='word_1_14' title='bbox 199 507 237 574; x_wconf 91' lang='lat' dir='ltr'>in</span> <span class='ocrx_word' id='word_1_15' title='bbox 260 505 476 576; x_wconf 80' lang='lat' dir='ltr'>Chalcedone</span> <span class='ocrx_word' id='word_1_16' title='bbox 498 510 778 575; x_wconf 86' lang='lat' dir='ltr'>convenerunt...</span> <span class='ocrx_word' id='word_1_17' title='bbox 804 503 916 572; x_wconf 89' lang='lat' dir='ltr'>secuti</span> <span class='ocrx_word' id='word_1_18' title='bbox 932 526 992 592; x_wconf 87' lang='lat' dir='ltr'>per</span> <span class='ocrx_word' id='word_1_19' title='bbox 1009 503 1123 569; x_wconf 83' lang='lat' dir='ltr'>omnia</span> <span class='ocrx_word' id='word_1_20' title='bbox 1146 501 1285 591; x_wconf 85' lang='lat' dir='ltr'>praedi·</span> 
     </span>
     <span class='ocr_line' id='line_1_4' title="bbox 100 610 1283 702; baseline -0.002 -22"><span class='ocrx_word' id='word_1_21' title='bbox 100 619 209 681; x_wconf 89' lang='lat' dir='ltr'>ctum</span> <span class='ocrx_word' id='word_1_22' title='bbox 226 619 391 682; x_wconf 50' lang='lat' dir='ltr'>‘sanctum</span> <span class='ocrx_word' id='word_1_23' title='bbox 415 612 610 702; x_wconf 85' lang='lat' dir='ltr'>symbolum</span> <span class='ocrx_word' id='word_1_24' title='bbox 639 613 959 682; x_wconf 82' lang='lat' dir='ltr'>condemnaverunt</span> <span class='ocrx_word' id='word_1_25' title='bbox 986 610 1180 680; x_wconf 83' lang='lat' dir='ltr'>haereticos</span> <span class='ocrx_word' id='word_1_26' title='bbox 1204 633 1283 679; x_wconf 93' lang='lat' dir='ltr'>cum</span> 
     </span>
     <span class='ocr_line' id='line_1_5' title="bbox 91 722 485 811; baseline -0.005 -25"><span class='ocrx_word' id='word_1_27' title='bbox 91 742 234 789; x_wconf 86' lang='lat' dir='ltr'>eorum</span> <span class='ocrx_word' id='word_1_28' title='bbox 258 722 485 811; x_wconf 68' lang='lat' dir='ltr'>impietate.»</span> 
     </span>
    </p>

    <p class='ocr_par' dir='ltr' id='par_1_2' title="bbox 59 825 1290 2212">
     <span class='ocr_line' id='line_1_6' title="bbox 163 825 1282 920; baseline -0.004 -24"><span class='ocrx_word' id='word_1_29' title='bbox 163 827 321 910; x_wconf 72' lang='lat' dir='ltr'>&#39;Quaero</span> <span class='ocrx_word' id='word_1_30' title='bbox 344 829 426 912; x_wconf 90' lang='lat' dir='ltr'>iam,</span> <span class='ocrx_word' id='word_1_31' title='bbox 451 829 537 898; x_wconf 83' lang='lat' dir='ltr'>haec</span> <span class='ocrx_word' id='word_1_32' title='bbox 562 850 630 896; x_wconf 90' lang='lat' dir='ltr'>una</span> <span class='ocrx_word' id='word_1_33' title='bbox 653 829 838 920; x_wconf 88' lang='lat' dir='ltr'>eademque</span> <span class='ocrx_word' id='word_1_34' title='bbox 861 827 1030 913; x_wconf 79' lang='lat' dir='ltr'>confessio</span> <span class='ocrx_word' id='word_1_35' title='bbox 1053 840 1165 892; x_wconf 77' lang='lat' dir='ltr'>rectae</span> <span class='ocrx_word' id='word_1_36' title='bbox 1181 825 1282 913; x_wconf 77' lang='lat' dir='ltr'>fidei,</span> 
     </span>
     <span class='ocr_line' id='line_1_7' title="bbox 76 934 1286 1026; baseline 0.003 -25"><span class='ocrx_word' id='word_1_37' title='bbox 76 961 181 1003; x_wconf 74' lang='lat' dir='ltr'>asma</span> <span class='ocrx_word' id='word_1_38' title='bbox 209 936 366 1024; x_wconf 76' lang='lat' dir='ltr'>definitio</span> <span class='ocrx_word' id='word_1_39' title='bbox 382 937 491 1026; x_wconf 75' lang='lat' dir='ltr'>fidei,</span> <span class='ocrx_word' id='word_1_40' title='bbox 520 962 624 1004; x_wconf 78' lang='lat' dir='ltr'>anam</span> <span class='ocrx_word' id='word_1_41' title='bbox 658 938 844 1026; x_wconf 80' lang='lat' dir='ltr'>symbolam</span> <span class='ocrx_word' id='word_1_42' title='bbox 868 950 900 1003; x_wconf 82' lang='lat' dir='ltr'>et</span> <span class='ocrx_word' id='word_1_43' title='bbox 924 938 1091 1003; x_wconf 78' lang='lat' dir='ltr'><strong><em>mathema</em></strong></span> <span class='ocrx_word' id='word_1_44' title='bbox 1113 934 1219 1023; x_wconf 79' lang='lat' dir='ltr'>fidei,</span> <span class='ocrx_word' id='word_1_45' title='bbox 1244 940 1286 1005; x_wconf 81' lang='lat' dir='ltr'>ut</span> 
     </span>
     <span class='ocr_line' id='line_1_8' title="bbox 68 1042 1283 1134; baseline -0.002 -22"><span class='ocrx_word' id='word_1_46' title='bbox 68 1045 249 1113; x_wconf 87' lang='lat' dir='ltr'>dicitur</span> <span class='ocrx_word' id='word_1_47' title='bbox 272 1044 443 1114; x_wconf 81' lang='lat' dir='ltr'>contineri</span> <span class='ocrx_word' id='word_1_48' title='bbox 469 1046 505 1114; x_wconf 92' lang='lat' dir='ltr'>in</span> <span class='ocrx_word' id='word_1_49' title='bbox 530 1044 788 1134; x_wconf 89' lang='lat' dir='ltr'>praedicatione</span> <span class='ocrx_word' id='word_1_50' title='bbox 809 1043 945 1111; x_wconf 82' lang='lat' dir='ltr'><strong>Christi</strong></span> <span class='ocrx_word' id='word_1_51' title='bbox 968 1049 1004 1112; x_wconf 87' lang='lat' dir='ltr'>et</span> <span class='ocrx_word' id='word_1_52' title='bbox 1022 1042 1283 1133; x_wconf 83' lang='lat' dir='ltr'>Apostolorum,</span> 
     </span>
     <span class='ocr_line' id='line_1_9' title="bbox 63 1149 1283 1241; baseline -0.002 -21"><span class='ocrx_word' id='word_1_53' title='bbox 63 1153 137 1220; x_wconf 85' lang='lat' dir='ltr'>in</span> <span class='ocrx_word' id='word_1_54' title='bbox 170 1153 335 1240; x_wconf 83' lang='lat' dir='ltr'>symbolo</span> <span class='ocrx_word' id='word_1_55' title='bbox 357 1153 525 1236; x_wconf 88' lang='lat' dir='ltr'>Nicaeno,</span> <span class='ocrx_word' id='word_1_56' title='bbox 550 1153 589 1220; x_wconf 90' lang='lat' dir='ltr'>iu</span> <span class='ocrx_word' id='word_1_57' title='bbox 612 1152 857 1241; x_wconf 79' lang='lat' dir='ltr'>explanatione</span> <span class='ocrx_word' id='word_1_58' title='bbox 879 1149 1283 1241; x_wconf 82' lang='lat' dir='ltr'>Constantinopolitana,</span> 
     </span>
     <span class='ocr_line' id='line_1_10' title="bbox 60 1258 1287 1350; baseline -0.002 -22"><span class='ocrx_word' id='word_1_59' title='bbox 60 1261 138 1328; x_wconf 88' lang='lat' dir='ltr'>in</span> <span class='ocrx_word' id='word_1_60' title='bbox 172 1259 443 1329; x_wconf 88' lang='lat' dir='ltr'>definitionibus</span> <span class='ocrx_word' id='word_1_61' title='bbox 464 1260 654 1350; x_wconf 84' lang='lat' dir='ltr'>Ephesinis</span> <span class='ocrx_word' id='word_1_62' title='bbox 684 1267 720 1328; x_wconf 91' lang='lat' dir='ltr'>et</span> <span class='ocrx_word' id='word_1_63' title='bbox 742 1259 1083 1329; x_wconf 81' lang='lat' dir='ltr'>Chalcedonensibus</span> <span class='ocrx_word' id='word_1_64' title='bbox 1101 1258 1287 1338; x_wconf 56' lang='lat' dir='ltr'>,adversus</span> 
     </span>
     <span class='ocr_line' id='line_1_11' title="bbox 59 1358 1287 1458; baseline -0.001 -21"><span class='ocrx_word' id='word_1_65' title='bbox 59 1369 345 1437; x_wconf 76' lang='lat' dir='ltr'>Nestorianos</span> <span class='ocrx_word' id='word_1_66' title='bbox 368 1375 404 1437; x_wconf 87' lang='lat' dir='ltr'>et</span> <span class='ocrx_word' id='word_1_67' title='bbox 426 1358 708 1458; x_wconf 86' lang='lat' dir='ltr'>Mon&#39;ophysitas,</span> <span class='ocrx_word' id='word_1_68' title='bbox 734 1367 771 1435; x_wconf 91' lang='lat' dir='ltr'>in</span> <span class='ocrx_word' id='word_1_69' title='bbox 795 1368 873 1457; x_wconf 87' lang='lat' dir='ltr'>ipsa</span> <span class='ocrx_word' id='word_1_70' title='bbox 896 1367 1133 1457; x_wconf 83' lang='lat' dir='ltr'>prolixissima</span> <span class='ocrx_word' id='word_1_71' title='bbox 1155 1366 1287 1436; x_wconf 83' lang='lat' dir='ltr'>confes·</span> 
     </span>
     <span class='ocr_line' id='line_1_12' title="bbox 63 1472 1289 1562; baseline -0.002 -18"><span class='ocrx_word' id='word_1_72' title='bbox 63 1476 214 1544; x_wconf 75' lang='lat' dir='ltr'>sione</span> <span class='ocrx_word' id='word_1_73' title='bbox 237 1474 448 1560; x_wconf 83' lang='lat' dir='ltr'>Iustiniani,</span> <span class='ocrx_word' id='word_1_74' title='bbox 474 1476 516 1544; x_wconf 91' lang='lat' dir='ltr'>de</span> <span class='ocrx_word' id='word_1_75' title='bbox 547 1476 648 1544; x_wconf 91' lang='lat' dir='ltr'>cuius</span> <span class='ocrx_word' id='word_1_76' title='bbox 670 1474 860 1543; x_wconf 85' lang='lat' dir='ltr'>identitate</span> <span class='ocrx_word' id='word_1_77' title='bbox 891 1497 968 1544; x_wconf 92' lang='lat' dir='ltr'>cum</span> <span class='ocrx_word' id='word_1_78' title='bbox 993 1474 1108 1542; x_wconf 87' lang='lat' dir='ltr'>ecdem</span> <span class='ocrx_word' id='word_1_79' title='bbox 1132 1472 1289 1562; x_wconf 85' lang='lat' dir='ltr'>symbolo</span> 
     </span>
     <span class='ocr_line' id='line_1_13' title="bbox 60 1580 1290 1673; baseline -0.003 -21"><span class='ocrx_word' id='word_1_80' title='bbox 60 1586 308 1673; x_wconf 85' lang='lat' dir='ltr'>imperator</span> <span class='ocrx_word' id='word_1_81' title='bbox 331 1583 549 1673; x_wconf 87' lang='lat' dir='ltr'>potissimum</span> <span class='ocrx_word' id='word_1_82' title='bbox 574 1584 675 1672; x_wconf 87' lang='lat' dir='ltr'>agit,</span> <span class='ocrx_word' id='word_1_83' title='bbox 702 1582 966 1670; x_wconf 87' lang='lat' dir='ltr'>intelligiturne</span> <span class='ocrx_word' id='word_1_84' title='bbox 1002 1580 1188 1650; x_wconf 84' lang='lat' dir='ltr'>secundum</span> <span class='ocrx_word' id='word_1_85' title='bbox 1211 1601 1290 1649; x_wconf 88' lang='lat' dir='ltr'>sen-</span> 
     </span>
     <span class='ocr_line' id='line_1_14' title="bbox 67 1687 1286 1775; baseline -0.002 -14"><span class='ocrx_word' id='word_1_86' title='bbox 67 1715 194 1761; x_wconf 71' lang='lat' dir='ltr'>sum</span> <span class='ocrx_word' id='word_1_87' title='bbox 218 1697 333 1758; x_wconf 86' lang='lat' dir='ltr'>rectae</span> <span class='ocrx_word' id='word_1_88' title='bbox 357 1691 457 1773; x_wconf 87' lang='lat' dir='ltr'>fidei,</span> <span class='ocrx_word' id='word_1_89' title='bbox 484 1712 527 1757; x_wconf 88' lang='lat' dir='ltr'>an</span> <span class='ocrx_word' id='word_1_90' title='bbox 552 1689 785 1758; x_wconf 77' lang='lat' dir='ltr'>materialiter</span> <span class='ocrx_word' id='word_1_91' title='bbox 809 1690 996 1758; x_wconf 85' lang='lat' dir='ltr'>secuudum</span> <span class='ocrx_word' id='word_1_92' title='bbox 1028 1689 1160 1758; x_wconf 79' lang='lat' dir='ltr'>verba?</span> <span class='ocrx_word' id='word_1_93' title='bbox 1183 1687 1286 1775; x_wconf 91' lang='lat' dir='ltr'>Puto,</span> 
     </span>
     <span class='ocr_line' id='line_1_15' title="bbox 67 1796 1288 1889; baseline -0.002 -20"><span class='ocrx_word' id='word_1_94' title='bbox 67 1822 152 1868; x_wconf 78' lang='lat'>110</span> <span class='ocrx_word' id='word_1_95' title='bbox 181 1798 259 1887; x_wconf 89' lang='lat' dir='ltr'>ipse</span> <span class='ocrx_word' id='word_1_96' title='bbox 283 1799 420 1889; x_wconf 88' lang='lat' dir='ltr'>quidem</span> <span class='ocrx_word' id='word_1_97' title='bbox 443 1798 620 1866; x_wconf 87' lang='lat' dir='ltr'>Macarius</span> <span class='ocrx_word' id='word_1_98' title='bbox 643 1798 807 1886; x_wconf 79' lang='lat' dir='ltr'>negabit,</span> <span class='ocrx_word' id='word_1_99' title='bbox 834 1797 936 1865; x_wconf 85' lang='lat' dir='ltr'>unico</span> <span class='ocrx_word' id='word_1_100' title='bbox 959 1796 1112 1886; x_wconf 88' lang='lat' dir='ltr'>spectari</span> <span class='ocrx_word' id='word_1_101' title='bbox 1136 1798 1288 1867; x_wconf 91' lang='lat' dir='ltr'>omnium</span> 
     </span>
     <span class='ocr_line' id='line_1_16' title="bbox 75 1899 1288 1996; baseline 0 -22"><span class='ocrx_word' id='word_1_102' title='bbox 75 1909 268 1976; x_wconf 80' lang='lat' dir='ltr'>istorum</span> <span class='ocrx_word' id='word_1_103' title='bbox 291 1906 573 1974; x_wconf 80' lang='lat' dir='ltr'>documentorum</span> <span class='ocrx_word' id='word_1_104' title='bbox 596 1899 862 1993; x_wconf 87' lang='lat' dir='ltr'>congruentiam</span> <span class='ocrx_word' id='word_1_105' title='bbox 887 1904 999 1996; x_wconf 88' lang='lat' dir='ltr'>quoad</span> <span class='ocrx_word' id='word_1_106' title='bbox 1023 1905 1133 1994; x_wconf 87' lang='lat' dir='ltr'>ipsam</span> <span class='ocrx_word' id='word_1_107' title='bbox 1157 1911 1288 1974; x_wconf 85' lang='lat' dir='ltr'>rectam</span> 
     </span>
     <span class='ocr_line' id='line_1_17' title="bbox 80 2011 1289 2104; baseline 0 -24"><span class='ocrx_word' id='word_1_108' title='bbox 80 2013 220 2080; x_wconf 71' lang='lat' dir='ltr'>iidem</span> <span class='ocrx_word' id='word_1_109' title='bbox 244 2033 285 2079; x_wconf 88' lang='lat' dir='ltr'>ao</span> <span class='ocrx_word' id='word_1_110' title='bbox 307 2011 521 2095; x_wconf 85' lang='lat' dir='ltr'>doctrinam,</span> <span class='ocrx_word' id='word_1_111' title='bbox 546 2012 678 2104; x_wconf 88' lang='lat' dir='ltr'>hocque</span> <span class='ocrx_word' id='word_1_112' title='bbox 709 2035 812 2081; x_wconf 88' lang='lat' dir='ltr'>sensu</span> <span class='ocrx_word' id='word_1_113' title='bbox 837 2012 874 2080; x_wconf 90' lang='lat' dir='ltr'>in</span> <span class='ocrx_word' id='word_1_114' title='bbox 897 2012 1058 2080; x_wconf 89' lang='lat' dir='ltr'>omnibus</span> <span class='ocrx_word' id='word_1_115' title='bbox 1088 2035 1163 2082; x_wconf 89' lang='lat' dir='ltr'>esse</span> <span class='ocrx_word' id='word_1_116' title='bbox 1184 2038 1289 2080; x_wconf 80' lang='lat' dir='ltr'>anam</span> 
     </span>
     <span class='ocr_line' id='line_1_18' title="bbox 75 2117 1286 2212; baseline 0.006 -28"><span class='ocrx_word' id='word_1_117' title='bbox 75 2117 201 2208; x_wconf 73' lang='lat' dir='ltr'>Jtdes&#39;</span> <span class='ocrx_word' id='word_1_118' title='bbox 225 2118 470 2204; x_wconf 75' lang='lat' dir='ltr'>definitionem,</span> <span class='ocrx_word' id='word_1_119' title='bbox 488 2126 530 2188; x_wconf 89' lang='lat' dir='ltr'>ut</span> <span class='ocrx_word' id='word_1_120' title='bbox 545 2119 766 2189; x_wconf 84' lang='lat' dir='ltr'>lastinianus</span> <span class='ocrx_word' id='word_1_121' title='bbox 780 2120 951 2212; x_wconf 89' lang='lat' dir='ltr'>loquitur.</span> <span class='ocrx_word' id='word_1_122' title='bbox 976 2121 1090 2212; x_wconf 89' lang='lat' dir='ltr'>Atqui</span> <span class='ocrx_word' id='word_1_123' title='bbox 1105 2122 1137 2190; x_wconf 88' lang='lat' dir='ltr'>si</span> <span class='ocrx_word' id='word_1_124' title='bbox 1153 2122 1206 2192; x_wconf 88' lang='lat' dir='ltr'>ita</span> <span class='ocrx_word' id='word_1_125' title='bbox 1220 2127 1286 2208; x_wconf 89' lang='lat' dir='ltr'>est,</span> 
     </span>
    </p>

    <p class='ocr_par' dir='ltr' id='par_1_3' title="bbox 97 2225 1289 2318">
     <span class='ocr_line' id='line_1_19' title="bbox 97 2225 1289 2318; baseline 0.003 -23"><span class='ocrx_word' id='word_1_126' title='bbox 97 2227 195 2295; x_wconf 67' lang='lat' dir='ltr'>olio</span> <span class='ocrx_word' id='word_1_127' title='bbox 220 2225 375 2315; x_wconf 77' lang='lat' dir='ltr'>definitio</span> <span class='ocrx_word' id='word_1_128' title='bbox 403 2226 491 2315; x_wconf 80' lang='lat' dir='ltr'>fidoi</span> <span class='ocrx_word' id='word_1_129' title='bbox 524 2230 595 2294; x_wconf 82' lang='lat' dir='ltr'>siae</span> <span class='ocrx_word' id='word_1_130' title='bbox 617 2226 719 2294; x_wconf 71' lang='lat' dir='ltr'>oldad</span> <span class='ocrx_word' id='word_1_131' title='bbox 752 2229 937 2318; x_wconf 79' lang='lat' dir='ltr'>symbolam</span> <span class='ocrx_word' id='word_1_132' title='bbox 960 2243 993 2296; x_wconf 86' lang='lat' dir='ltr'>et</span> <span class='ocrx_word' id='word_1_133' title='bbox 1023 2229 1183 2298; x_wconf 79' lang='lat' dir='ltr'>doctrino</span> <span class='ocrx_word' id='word_1_134' title='bbox 1213 2233 1289 2298; x_wconf 80' lang='lat' dir='ltr'>ubic</span> 
     </span>
    </p>

    <p class='ocr_par' dir='ltr' id='par_1_4' title="bbox 88 2333 1359 2948">
     <span class='ocr_line' id='line_1_20' title="bbox 88 2333 1359 2429; baseline 0.007 -29"><span class='ocrx_word' id='word_1_135' title='bbox 88 2333 215 2422; x_wconf 63' lang='lat' dir='ltr'>fidei,</span> <span class='ocrx_word' id='word_1_136' title='bbox 232 2348 334 2424; x_wconf 78' lang='lat' dir='ltr'>quam</span> <span class='ocrx_word' id='word_1_137' title='bbox 356 2333 553 2424; x_wconf 84' lang='lat' dir='ltr'>Ephesinos</span> <span class='ocrx_word' id='word_1_138' title='bbox 576 2335 701 2403; x_wconf 87' lang='lat' dir='ltr'>Patres</span> <span class='ocrx_word' id='word_1_139' title='bbox 724 2335 976 2429; x_wconf 78' lang='lat' dir='ltr'>proscripsisse</span> <span class='ocrx_word' id='word_1_140' title='bbox 995 2337 1221 2407; x_wconf 86' lang='lat' dir='ltr'>Iustinianus</span> <span class='ocrx_word' id='word_1_141' title='bbox 1237 2361 1290 2409; x_wconf 86' lang='lat' dir='ltr'>re·</span> <span class='ocrx_word' id='word_1_142' title='bbox 1356 2401 1359 2408; x_wconf 96' lang='lat'>.</span> 
     </span>
     <span class='ocr_line' id='line_1_21' title="bbox 115 2441 1288 2534; baseline 0.004 -24"><span class='ocrx_word' id='word_1_143' title='bbox 115 2443 192 2510; x_wconf 77' lang='lat' dir='ltr'>fert</span> <span class='ocrx_word' id='word_1_144' title='bbox 215 2441 253 2509; x_wconf 93' lang='lat' dir='ltr'>iu</span> <span class='ocrx_word' id='word_1_145' title='bbox 277 2441 493 2531; x_wconf 87' lang='lat' dir='ltr'>oppositione</span> <span class='ocrx_word' id='word_1_146' title='bbox 508 2443 555 2510; x_wconf 86' lang='lat' dir='ltr'>ool</span> <span class='ocrx_word' id='word_1_147' title='bbox 577 2468 680 2509; x_wconf 82' lang='lat' dir='ltr'>anam</span> <span class='ocrx_word' id='word_1_148' title='bbox 703 2445 804 2510; x_wconf 80' lang='lat' dir='ltr'>illam</span> <span class='ocrx_word' id='word_1_149' title='bbox 821 2443 909 2534; x_wconf 80' lang='lat' dir='ltr'>fidei</span> <span class='ocrx_word' id='word_1_150' title='bbox 925 2443 1156 2533; x_wconf 76' lang='lat' dir='ltr'>definitionem</span> <span class='ocrx_word' id='word_1_151' title='bbox 1172 2447 1288 2515; x_wconf 87' lang='lat' dir='ltr'>imme·</span> 
     </span>
     <span class='ocr_line' id='line_1_22' title="bbox 117 2550 1290 2643; baseline 0.003 -22"><span class='ocrx_word' id='word_1_152' title='bbox 117 2550 217 2621; x_wconf 84' lang='lat' dir='ltr'>dicte</span> <span class='ocrx_word' id='word_1_153' title='bbox 240 2558 344 2619; x_wconf 88' lang='lat' dir='ltr'>antea</span> <span class='ocrx_word' id='word_1_154' title='bbox 365 2551 410 2618; x_wconf 85' lang='lat' dir='ltr'>ab</span> <span class='ocrx_word' id='word_1_155' title='bbox 433 2552 508 2641; x_wconf 87' lang='lat' dir='ltr'>ipso</span> <span class='ocrx_word' id='word_1_156' title='bbox 531 2552 754 2638; x_wconf 86' lang='lat' dir='ltr'>declaratam,</span> <span class='ocrx_word' id='word_1_157' title='bbox 773 2553 966 2622; x_wconf 87' lang='lat' dir='ltr'>necessario</span> <span class='ocrx_word' id='word_1_158' title='bbox 988 2553 1210 2643; x_wconf 83' lang='lat' dir='ltr'>intelligitur</span> <span class='ocrx_word' id='word_1_159' title='bbox 1234 2553 1290 2624; x_wconf 77' lang='lat' dir='ltr'>do·</span> 
     </span>
     <span class='ocr_line' id='line_1_23' title="bbox 103 2659 1289 2754; baseline 0.008 -30"><span class='ocrx_word' id='word_1_160' title='bbox 103 2659 234 2743; x_wconf 70' lang='lat' dir='ltr'>⁴fictitio</span> <span class='ocrx_word' id='word_1_161' title='bbox 250 2681 308 2724; x_wconf 82' lang='lat' dir='ltr'>aaa</span> <span class='ocrx_word' id='word_1_162' title='bbox 327 2660 513 2746; x_wconf 79' lang='lat' dir='ltr'>symbolum</span> <span class='ocrx_word' id='word_1_163' title='bbox 536 2663 761 2743; x_wconf 79' lang='lat' dir='ltr'>contrariam,</span> <span class='ocrx_word' id='word_1_164' title='bbox 780 2684 847 2754; x_wconf 88' lang='lat' dir='ltr'>quo</span> <span class='ocrx_word' id='word_1_165' title='bbox 859 2685 983 2731; x_wconf 82' lang='lat' dir='ltr'>aeneus</span> <span class='ocrx_word' id='word_1_166' title='bbox 999 2662 1176 2732; x_wconf 84' lang='lat' dir='ltr'>doctrinae</span> <span class='ocrx_word' id='word_1_167' title='bbox 1188 2662 1289 2733; x_wconf 83' lang='lat' dir='ltr'>Chri·</span> 
     </span>
     <span class='ocr_line' id='line_1_24' title="bbox 121 2766 1289 2856; baseline 0.005 -22"><span class='ocrx_word' id='word_1_168' title='bbox 121 2767 180 2848; x_wconf 88' lang='lat' dir='ltr'>sti,</span> <span class='ocrx_word' id='word_1_169' title='bbox 205 2766 464 2856; x_wconf 83' lang='lat' dir='ltr'>Apostolorum,</span> <span class='ocrx_word' id='word_1_170' title='bbox 478 2769 713 2840; x_wconf 76' lang='lat' dir='ltr'>Conciliorum</span> <span class='ocrx_word' id='word_1_171' title='bbox 735 2771 1026 2856; x_wconf 88' lang='lat' dir='ltr'>antecedentium,</span> <span class='ocrx_word' id='word_1_172' title='bbox 1042 2771 1154 2840; x_wconf 86' lang='lat' dir='ltr'>totius</span> <span class='ocrx_word' id='word_1_173' title='bbox 1170 2770 1289 2840; x_wconf 84' lang='lat' dir='ltr'>Eccle-</span> 
     </span>
     <span class='ocr_line' id='line_1_25' title="bbox 122 2875 476 2948; baseline -0.006 -1"><span class='ocrx_word' id='word_1_174' title='bbox 122 2875 192 2948; x_wconf 77' lang='lat' dir='ltr'>siae</span> <span class='ocrx_word' id='word_1_175' title='bbox 216 2875 476 2946; x_wconf 78' lang='lat' dir='ltr'>immutaretur.</span> 
     </span>
    </p>

    <p class='ocr_par' dir='ltr' id='par_1_5' title="bbox 113 2984 1294 4474">
     <span class='ocr_line' id='line_1_26' title="bbox 187 2984 1290 3077; baseline 0.002 -25"><span class='ocrx_word' id='word_1_176' title='bbox 187 2984 327 3053; x_wconf 81' lang='lat' dir='ltr'>Relatio</span> <span class='ocrx_word' id='word_1_177' title='bbox 350 3006 434 3074; x_wconf 89' lang='lat' dir='ltr'>ergo</span> <span class='ocrx_word' id='word_1_178' title='bbox 457 2984 562 3053; x_wconf 90' lang='lat' dir='ltr'>istius</span> <span class='ocrx_word' id='word_1_179' title='bbox 585 2986 718 3055; x_wconf 89' lang='lat' dir='ltr'>decreti</span> <span class='ocrx_word' id='word_1_180' title='bbox 742 2985 923 3075; x_wconf 87' lang='lat' dir='ltr'>Ephesini,</span> <span class='ocrx_word' id='word_1_181' title='bbox 950 3007 1053 3077; x_wconf 86' lang='lat' dir='ltr'>quam</span> <span class='ocrx_word' id='word_1_182' title='bbox 1069 2986 1290 3056; x_wconf 84' lang='lat' dir='ltr'>lastinianus</span> 
     </span>
     <span class='ocr_line' id='line_1_27' title="bbox 123 3092 1290 3181; baseline 0.002 -23"><span class='ocrx_word' id='word_1_183' title='bbox 123 3098 200 3180; x_wconf 91' lang='lat' dir='ltr'>post</span> <span class='ocrx_word' id='word_1_184' title='bbox 223 3092 404 3181; x_wconf 90' lang='lat' dir='ltr'>superiora</span> <span class='ocrx_word' id='word_1_185' title='bbox 428 3093 592 3161; x_wconf 92' lang='lat' dir='ltr'>continuo</span> <span class='ocrx_word' id='word_1_186' title='bbox 616 3093 772 3174; x_wconf 88' lang='lat' dir='ltr'>subiicit,</span> <span class='ocrx_word' id='word_1_187' title='bbox 798 3099 833 3161; x_wconf 88' lang='lat' dir='ltr'>et</span> <span class='ocrx_word' id='word_1_188' title='bbox 856 3095 914 3163; x_wconf 90' lang='lat' dir='ltr'>cui</span> <span class='ocrx_word' id='word_1_189' title='bbox 937 3094 1112 3162; x_wconf 83' lang='lat' dir='ltr'>Macarius</span> <span class='ocrx_word' id='word_1_190' title='bbox 1128 3093 1172 3160; x_wconf 88' lang='lat' dir='ltr'>ad</span> <span class='ocrx_word' id='word_1_191' title='bbox 1188 3115 1290 3161; x_wconf 89' lang='lat' dir='ltr'>suum</span> 
     </span>
     <span class='ocr_line' id='line_1_28' title="bbox 123 3197 1290 3289; baseline 0.002 -25"><span class='ocrx_word' id='word_1_192' title='bbox 123 3197 325 3285; x_wconf 79' lang='lat' dir='ltr'>figmentum</span> <span class='ocrx_word' id='word_1_193' title='bbox 349 3199 624 3287; x_wconf 85' lang='lat' dir='ltr'>persuadendum</span> <span class='ocrx_word' id='word_1_194' title='bbox 649 3200 835 3286; x_wconf 86' lang='lat' dir='ltr'>inuititur,</span> <span class='ocrx_word' id='word_1_195' title='bbox 862 3200 1084 3289; x_wconf 76' lang='lat' dir='ltr'>intelligitur</span> <span class='ocrx_word' id='word_1_196' title='bbox 1107 3221 1209 3289; x_wconf 84' lang='lat' dir='ltr'>penes</span> <span class='ocrx_word' id='word_1_197' title='bbox 1231 3198 1290 3267; x_wconf 89' lang='lat' dir='ltr'>Iu·</span> 
     </span>
     <span class='ocr_line' id='line_1_29' title="bbox 124 3302 1291 3398; baseline 0.002 -27"><span class='ocrx_word' id='word_1_198' title='bbox 124 3302 313 3372; x_wconf 80' lang='lat' dir='ltr'>atinianum</span> <span class='ocrx_word' id='word_1_199' title='bbox 330 3303 369 3372; x_wconf 92' lang='lat' dir='ltr'>in</span> <span class='ocrx_word' id='word_1_200' title='bbox 384 3327 489 3373; x_wconf 87' lang='lat' dir='ltr'>seusu</span> <span class='ocrx_word' id='word_1_201' title='bbox 505 3305 569 3373; x_wconf 91' lang='lat' dir='ltr'>illo</span> <span class='ocrx_word' id='word_1_202' title='bbox 584 3306 748 3394; x_wconf 86' lang='lat' dir='ltr'>genuino,</span> <span class='ocrx_word' id='word_1_203' title='bbox 766 3329 833 3398; x_wconf 91' lang='lat' dir='ltr'>quo</span> <span class='ocrx_word' id='word_1_204' title='bbox 849 3308 964 3397; x_wconf 89' lang='lat' dir='ltr'>ipsum</span> <span class='ocrx_word' id='word_1_205' title='bbox 977 3308 1153 3376; x_wconf 88' lang='lat' dir='ltr'>decretum</span> <span class='ocrx_word' id='word_1_206' title='bbox 1170 3311 1291 3384; x_wconf 82' lang='lat' dir='ltr'>contra</span> 
     </span>
     <span class='ocr_line' id='line_1_30' title="bbox 124 3411 1290 3504; baseline 0 -23"><span class='ocrx_word' id='word_1_207' title='bbox 124 3411 352 3481; x_wconf 87' lang='lat' dir='ltr'>Nestorianos</span> <span class='ocrx_word' id='word_1_208' title='bbox 364 3435 499 3482; x_wconf 89' lang='lat' dir='ltr'>errores</span> <span class='ocrx_word' id='word_1_209' title='bbox 518 3414 702 3501; x_wconf 68' lang='lat' dir='ltr'>«symbolo</span> <span class='ocrx_word' id='word_1_210' title='bbox 718 3415 847 3484; x_wconf 82' lang='lat' dir='ltr'>falsato</span> <span class='ocrx_word' id='word_1_211' title='bbox 861 3441 878 3478; x_wconf 79' lang='lat' dir='ltr'><em>n</em></span> <span class='ocrx_word' id='word_1_212' title='bbox 898 3417 1049 3484; x_wconf 87' lang='lat' dir='ltr'>insertos</span> <span class='ocrx_word' id='word_1_213' title='bbox 1064 3413 1200 3504; x_wconf 82' lang='lat' dir='ltr'>Ephesi·</span> <span class='ocrx_word' id='word_1_214' title='bbox 1212 3435 1290 3482; x_wconf 92' lang='lat' dir='ltr'>con-</span> 
     </span>
     <span class='ocr_line' id='line_1_31' title="bbox 125 3520 1288 3613; baseline -0.001 -23"><span class='ocrx_word' id='word_1_215' title='bbox 125 3520 237 3591; x_wconf 91' lang='lat' dir='ltr'>ditum</span> <span class='ocrx_word' id='word_1_216' title='bbox 260 3528 326 3607; x_wconf 88' lang='lat' dir='ltr'>est,</span> <span class='ocrx_word' id='word_1_217' title='bbox 353 3522 394 3591; x_wconf 91' lang='lat' dir='ltr'>de</span> <span class='ocrx_word' id='word_1_218' title='bbox 417 3521 588 3591; x_wconf 86' lang='lat' dir='ltr'>doctrinis</span> <span class='ocrx_word' id='word_1_219' title='bbox 612 3526 754 3613; x_wconf 87' lang='lat' dir='ltr'>iuquam</span> <span class='ocrx_word' id='word_1_220' title='bbox 777 3523 968 3591; x_wconf 85' lang='lat' dir='ltr'>contrariis</span> <span class='ocrx_word' id='word_1_221' title='bbox 990 3545 1060 3590; x_wconf 93' lang='lat' dir='ltr'>non</span> <span class='ocrx_word' id='word_1_222' title='bbox 1083 3520 1288 3606; x_wconf 86' lang='lat' dir='ltr'>inserendis,</span> 
     </span>
     <span class='ocr_line' id='line_1_32' title="bbox 124 3626 1290 3720; baseline 0 -24"><span class='ocrx_word' id='word_1_223' title='bbox 124 3650 341 3720; x_wconf 81' lang='lat' dir='ltr'>nequequam</span> <span class='ocrx_word' id='word_1_224' title='bbox 364 3635 480 3699; x_wconf 87' lang='lat' dir='ltr'>autem</span> <span class='ocrx_word' id='word_1_225' title='bbox 504 3653 608 3698; x_wconf 87' lang='lat' dir='ltr'>sensu</span> <span class='ocrx_word' id='word_1_226' title='bbox 630 3629 804 3699; x_wconf 85' lang='lat' dir='ltr'>Photiano</span> <span class='ocrx_word' id='word_1_227' title='bbox 828 3630 869 3700; x_wconf 91' lang='lat' dir='ltr'>de</span> <span class='ocrx_word' id='word_1_228' title='bbox 893 3630 983 3720; x_wconf 87' lang='lat' dir='ltr'>ipsis</span> <span class='ocrx_word' id='word_1_229' title='bbox 1005 3629 1151 3698; x_wconf 86' lang='lat' dir='ltr'>sinceris</span> <span class='ocrx_word' id='word_1_230' title='bbox 1172 3626 1290 3718; x_wconf 83' lang='lat' dir='ltr'>expla-</span> 
     </span>
     <span class='ocr_line' id='line_1_33' title="bbox 124 3736 1292 3828; baseline -0.004 -21"><span class='ocrx_word' id='word_1_231' title='bbox 124 3736 326 3807; x_wconf 81' lang='lat' dir='ltr'>nationibus</span> <span class='ocrx_word' id='word_1_232' title='bbox 348 3743 464 3806; x_wconf 86' lang='lat' dir='ltr'>rcctae</span> <span class='ocrx_word' id='word_1_233' title='bbox 487 3736 580 3806; x_wconf 85' lang='lat' dir='ltr'>fidei.</span> <span class='ocrx_word' id='word_1_234' title='bbox 605 3737 690 3806; x_wconf 88' lang='lat' dir='ltr'>Post</span> <span class='ocrx_word' id='word_1_235' title='bbox 711 3739 905 3828; x_wconf 88' lang='lat' dir='ltr'>expositam</span> <span class='ocrx_word' id='word_1_236' title='bbox 935 3738 1099 3805; x_wconf 92' lang='lat' dir='ltr'>nimirum</span> <span class='ocrx_word' id='word_1_237' title='bbox 1123 3739 1292 3803; x_wconf 79' lang='lat' dir='ltr'>unitatem</span> 
     </span>
     <span class='ocr_line' id='line_1_34' title="bbox 123 3842 1294 3936; baseline -0.001 -24"><span class='ocrx_word' id='word_1_238' title='bbox 123 3842 337 3936; x_wconf 79' lang='lat' dir='ltr'>definitionis</span> <span class='ocrx_word' id='word_1_239' title='bbox 347 3842 434 3932; x_wconf 80' lang='lat' dir='ltr'>fidei</span> <span class='ocrx_word' id='word_1_240' title='bbox 456 3844 494 3912; x_wconf 92' lang='lat' dir='ltr'>in</span> <span class='ocrx_word' id='word_1_241' title='bbox 517 3844 678 3914; x_wconf 88' lang='lat' dir='ltr'>doctrina</span> <span class='ocrx_word' id='word_1_242' title='bbox 692 3844 841 3930; x_wconf 84' lang='lat' dir='ltr'>Christi,</span> <span class='ocrx_word' id='word_1_243' title='bbox 859 3844 1119 3934; x_wconf 89' lang='lat' dir='ltr'>Apostolorum,</span> <span class='ocrx_word' id='word_1_244' title='bbox 1138 3849 1294 3935; x_wconf 78' lang='lat' dir='ltr'>quatuor</span> 
     </span>
     <span class='ocr_line' id='line_1_35' title="bbox 122 3936 1293 4042; baseline 0.003 -25"><span class='ocrx_word' id='word_1_245' title='bbox 122 3936 344 4042; x_wconf 78' lang='lat' dir='ltr'>synodorum</span> <span class='ocrx_word' id='word_1_246' title='bbox 356 3949 650 4034; x_wconf 69' lang='lat' dir='ltr'>‚antecedentium</span> <span class='ocrx_word' id='word_1_247' title='bbox 666 3971 826 4042; x_wconf 69' lang='lat' dir='ltr'>‚suaeque</span> <span class='ocrx_word' id='word_1_248' title='bbox 849 3950 963 4040; x_wconf 89' lang='lat' dir='ltr'>ipsius</span> <span class='ocrx_word' id='word_1_249' title='bbox 986 3950 1293 4033; x_wconf 83' lang='lat' dir='ltr'>confessionis,ita</span> 
     </span>
     <span class='ocr_line' id='line_1_36' title="bbox 117 4055 1291 4148; baseline -0.002 -20"><span class='ocrx_word' id='word_1_250' title='bbox 117 4055 346 4130; x_wconf 86' lang='lat' dir='ltr'>Iustiuienus</span> <span class='ocrx_word' id='word_1_251' title='bbox 369 4056 606 4148; x_wconf 88' lang='lat' dir='ltr'>prosequitur.</span> <span class='ocrx_word' id='word_1_252' title='bbox 635 4057 714 4126; x_wconf 68' lang='lat' dir='ltr'>«Et</span> <span class='ocrx_word' id='word_1_253' title='bbox 736 4079 841 4148; x_wconf 83' lang='lat' dir='ltr'>super</span> <span class='ocrx_word' id='word_1_254' title='bbox 864 4057 949 4126; x_wconf 86' lang='lat' dir='ltr'>haec</span> <span class='ocrx_word' id='word_1_255' title='bbox 971 4056 1291 4128; x_wconf 75' lang='lat' dir='ltr'>anathematizare·</span> 
     </span>
     <span class='ocr_line' id='line_1_37' title="bbox 116 4165 1294 4258; baseline -0.003 -21"><span class='ocrx_word' id='word_1_256' title='bbox 116 4173 209 4240; x_wconf 85' lang='lat' dir='ltr'>runt</span> <span class='ocrx_word' id='word_1_257' title='bbox 239 4189 308 4252; x_wconf 85' lang='lat' dir='ltr'>eos,</span> <span class='ocrx_word' id='word_1_258' title='bbox 335 4166 529 4258; x_wconf 83' lang='lat' dir='ltr'>quicts&#39;om</span> <span class='ocrx_word' id='word_1_259' title='bbox 559 4166 795 4235; x_wconf 87' lang='lat' dir='ltr'>definitionem</span> <span class='ocrx_word' id='word_1_260' title='bbox 819 4166 902 4234; x_wconf 85' lang='lat' dir='ltr'>fidei</span> <span class='ocrx_word' id='word_1_261' title='bbox 926 4166 1002 4237; x_wconf 84' lang='lat' dir='ltr'>sive</span> <span class='ocrx_word' id='word_1_262' title='bbox 1036 4165 1233 4255; x_wconf 88' lang='lat' dir='ltr'>symbolum</span> <span class='ocrx_word' id='word_1_263' title='bbox 1256 4167 1294 4234; x_wconf 85' lang='lat' dir='ltr'>et</span> 
     </span>
     <span class='ocr_line' id='line_1_38' title="bbox 113 4269 1294 4363; baseline -0.008 -16"><span class='ocrx_word' id='word_1_264' title='bbox 113 4273 319 4346; x_wconf 83' lang='lat' dir='ltr'>doctrinam</span> <span class='ocrx_word' id='word_1_265' title='bbox 343 4272 491 4343; x_wconf 89' lang='lat' dir='ltr'>tradunt</span> <span class='ocrx_word' id='word_1_266' title='bbox 513 4272 757 4343; x_wconf 87' lang='lat' dir='ltr'>accedentibus</span> <span class='ocrx_word' id='word_1_267' title='bbox 781 4273 825 4342; x_wconf 86' lang='lat' dir='ltr'>ad</span> <span class='ocrx_word' id='word_1_268' title='bbox 849 4279 1010 4343; x_wconf 88' lang='lat' dir='ltr'>sanctum</span> <span class='ocrx_word' id='word_1_269' title='bbox 1033 4272 1216 4363; x_wconf 87' lang='lat' dir='ltr'>baptisma,</span> <span class='ocrx_word' id='word_1_270' title='bbox 1236 4269 1294 4339; x_wconf 86' lang='lat' dir='ltr'>vel</span> 
     </span>
     <span class='ocr_line' id='line_1_39' title="bbox 113 4379 1294 4474; baseline -0.004 -23"><span class='ocrx_word' id='word_1_271' title='bbox 113 4402 164 4455; x_wconf 83' lang='lat' dir='ltr'>ex</span> <span class='ocrx_word' id='word_1_272' title='bbox 188 4403 406 4474; x_wconf 85' lang='lat' dir='ltr'>quacumque</span> <span class='ocrx_word' id='word_1_273' title='bbox 428 4380 567 4451; x_wconf 84' lang='lat' dir='ltr'>haeresi</span> <span class='ocrx_word' id='word_1_274' title='bbox 591 4381 792 4468; x_wconf 86' lang='lat' dir='ltr'>conversis,</span> <span class='ocrx_word' id='word_1_275' title='bbox 816 4387 956 4473; x_wconf 86' lang='lat' dir='ltr'>praeter</span> <span class='ocrx_word' id='word_1_276' title='bbox 985 4380 1173 4465; x_wconf 88' lang='lat' dir='ltr'>traditam,</span> <span class='ocrx_word' id='word_1_277' title='bbox 1199 4379 1294 4454; x_wconf 82' lang='lat' dir='ltr'>sicut</span> 
     </span>
    </p>
   </div>
   <div class='ocr_carea' id='block_1_2' title="bbox 0 0 1597 4980">
    <p class='ocr_par' dir='ltr' id='par_1_6' title="bbox 0 0 1597 4980">
     <span class='ocr_line' id='line_1_40' title="bbox 0 0 1597 4980; baseline 0 0"><span class='ocrx_word' id='word_1_278' title='bbox 0 0 1597 4980; x_wconf 95' lang='lat' dir='ltr'> </span> 
     </span>
    </p>
   </div>
  </div>
 </body>
</html>
