3120 4988
622 372 660 386 -
681 340 740 404 235
761 374 799 387 -

131 446 362 515 ,translations
384 446 499 516 latina
522 446 656 516 sincera
679 447 849 516 reddidit.
876 449 927 515 De
951 453 1094 518 anctore
1117 446 1224 515 istius
1247 446 1302 514 bi-

135 554 258 624 storiac
281 543 318 623 et
341 555 383 623 de
405 554 519 625 latina
544 555 704 626 versione
727 556 809 625 vide
832 555 1006 625 Allatium
1030 557 1067 623 in
1084 556 1302 644 Prolegome-

133 661 187 729 nis
210 663 254 730 ad
277 684 307 731 s.
320 662 484 732 Ioannem
507 664 759 733 Damascenum
784 688 819 733 n.
833 663 937 734 44-53
962 663 1094 754 (Migne
1110 663 1152 732 Τ.
1171 661 1298 734 XCIV.

134 791 167 858 r·
186 768 264 839 151·
279 774 386 862 s‹rs-l·
625 855 630 865 .

196 879 291 949 Haec
322 886 425 967 sunt,
465 904 553 974 quae
583 881 760 952 Macarius
790 884 892 954 velut
921 882 1165 951 manifestiora
1196 904 1303 971 argu-

133 994 249 1056 menta
272 989 552 1081 corruptelarum
568 1012 590 1058 a
605 991 748 1061 Latinis
776 999 998 1082 patratarum
1019 991 1230 1083 triumphali
1254 991 1304 1059 ia·

133 1095 270 1163 otantia
293 1100 348 1184 (ut
371 1096 485 1166 solent
514 1097 719 1189 impostores
751 1101 974 1189 ignorantiae
1002 1099 1193 1169 stultorum
1220 1099 1302 1167 illu·

133 1199 227 1286 dere)
247 1224 291 1271 ex
311 1205 477 1274 monacho
493 1206 721 1276 Bat‘urinensi
736 1208 979 1277 Zoernikawio
1003 1208 1147 1298 eiusque
1170 1206 1303 1297 expila-

133 1314 208 1380 tore
221 1312 430 1404 Theophane
442 1315 687 1406 Prokopowicz
702 1316 882 1406 produxit.
893 1316 1058 1385 Eiusdem
1072 1338 1154 1386 vero
1167 1316 1303 1385 farinae

133 1426 218 1489 sunt
251 1421 389 1514 reliqua
414 1423 452 1491 iu
475 1425 658 1515 farragine
683 1413 1000 1510 Zoernilrawiana,
1028 1447 1117 1517 quae
1141 1421 1304 1516 quoniam

132 1527 310 1602 Macarius
332 1532 407 1623 ipse
430 1532 572 1602 silentio
595 1533 781 1624 premenda·
804 1534 919 1619 duxit,
945 1532 1004 1602 hio
1028 1556 1096 1601 non
1112 1532 1301 1621 attingam

135 1657 254 1704 eorum
277 1639 566 1727 confutationem,
592 1642 623 1710 si
648 1641 710 1733 qui
733 1642 948 1730 desiderent,
974 1640 1175 1731 compendio
1199 1638 1298 1707 dabit

136 1742 178 1813 ol.
198 1745 303 1834 Hugo
325 1746 504 1817 Laemmer
527 1748 564 1817 in
589 1771 690 1841 opere
714 1753 834 1819 citato.

200 1849 431 1924 Excussimus
447 1856 626 1942 universa,
647 1878 734 1950 qnae
748 1858 943 1948 Episcopus
956 1856 1060 1947 apud
1083 1877 1165 1925 suos
1189 1853 1304 1924 erudi·

137 1963 243 2032 tionis
266 1965 360 2033 lama
382 1965 580 2036 celebratus
596 1973 670 2036 toto
686 1966 822 2058 ingenii
838 1966 996 2035 acumine
1012 1963 1172 2035 invenire
1187 1962 1306 2055 potuit

138 2081 347 2160 argumenta
379 2074 425 2143 ad
448 2074 573 2163 dogma
595 2073 678 2144 fidei
709 2073 904 2144 catholicas
938 2071 1234 2164 oppugnandum,
1267 2077 1303 2139 et

139 2179 384 2249 stabiliendam
418 2182 625 2252 sententiam
660 2181 873 2251 haereticam
908 2179 1082 2270 sacrilega
1115 2176 1305 2246 ambitione

136 2286 257 2358 Photii
279 2290 431 2380 primum
454 2292 642 2377 invectam,
668 2291 786 2376 eadem
802 2289 926 2360 deinde
941 2290 1091 2380 superba
1107 2286 1304 2378 cupiditate

136 2399 424 2490 subsequentium
458 2399 742 2490 patriarcharum
776 2422 816 2469 ac
846 2397 1047 2490 praesulum
1081 2394 1306 2467 orientalium

133 2498 408 2593 resuscitatam,
443 2507 680 2577 confirmatam
707 2507 857 2598 denique
885 2504 1166 2596 Byzantinorum
1201 2508 1306 2594 atquc

106 2641 112 2653 ·
130 2616 313 2684 recentius
334 2615 530 2686 Russorum
553 2615 752 2706 principum
774 2614 951 2685 acerbiore
974 2613 1177 2703 tyrannide,
1201 2632 1305 2702 qnam

98 2776 106 2789 s
132 2724 231 2794 sicut
259 2722 412 2814 flagellis
435 2730 471 2792 et
499 2724 638 2809 exiliis,
664 2725 758 2793 ferro
787 2731 823 2793 et
846 2723 1019 2812 sangnine
1043 2726 1164 2790 contra
1187 2718 1308 2786 fideles

133 2832 353 2918 catholicos,
387 2832 439 2902 ita
462 2854 531 2901 non
554 2833 670 2901 minus
693 2833 861 2901 honorum
885 2853 925 2899 ao
949 2851 1130 2899 munerum
1160 2827 1309 2917 profana

132 2940 331 3031 largitione
357 2962 443 3030 erga
466 2939 634 3010 sectarios
657 2947 694 3009 ct
717 2944 898 3030 apostatas
921 2943 1106 3022 exercent,
1132 2957 1200 3010 non
1225 2955 1308 3002 sane

136 3049 230 3140 quod
254 3049 296 3118 de
319 3047 395 3139 ipso
419 3047 581 3138 dogmate
603 3048 640 3116 in
665 3069 738 3116 sese
761 3068 968 3136 magnopere
984 3045 1058 3114 siut
1074 3040 1233 3126 solliciti,
1249 3040 1309 3110 sed

137 3165 181 3226 ut
204 3179 267 3247 per
291 3157 493 3227 scissionem
523 3156 703 3226 haereseos
726 3155 879 3223 habeant
902 3174 1122 3243 synagogam
1145 3148 1308 3239 imperia·

136 3265 208 3333 lem
231 3263 435 3354 pendentem
459 3287 480 3332 a
504 3286 566 3333 suo
589 3269 680 3332 nutu
703 3262 740 3331 in
763 3262 862 3331 modo
878 3270 914 3331 et
930 3283 1093 3330 mensura
1115 3258 1306 3342 libertatis,

20 3387 35 3401 ·
138 3371 216 3441 suis
238 3371 385 3459 pedibus
407 3370 646 3461 proculcatam
670 3371 708 3439 in
731 3369 923 3439 abiectione
948 3366 1148 3440 servitutis.
1164 3365 1324 3434 Utinam‘

136 3479 197 3549 illi
222 3479 282 3570 qui
304 3478 397 3548 inter
421 3477 612 3548 catholicos
636 3478 674 3545 in
703 3483 908 3568 tempestate
940 3476 1195 3568 persecutionis
1225 3497 1310 3543 nau·

138 3587 260 3677 fregio
289 3587 384 3656 eirca
406 3587 507 3656 fidem
530 3587 796 3679 propinquiores
819 3594 916 3672 sunt,
942 3592 978 3655 et
1001 3586 1061 3678 qui
1084 3584 1178 3654 inter
1201 3583 1310 3652 schis-

138 3696 287 3767 maticos
316 3697 405 3766 bona
434 3696 620 3765 voluntate
655 3695 858 3764 desiderant
892 3700 1030 3783 portum
1059 3714 1163 3763 verae
1195 3691 1306 3777 fidei,

140 3805 256 3875 oculis
290 3804 417 3875 mentis
451 3803 673 3874 collustratis
695 3804 834 3893 gratiae
863 3803 997 3871 lumina
1020 3801 1114 3870 clare
1137 3798 1309 3889 perspice·

139 3917 239 4010 rent,
254 3911 296 3982 da
320 3933 455 3982 summa
478 3934 516 3981 re
531 3911 604 4001 agi,
624 3911 666 3980 de
681 3910 757 4000 ipsc
774 3911 944 3978 nimirum
961 3907 1133 3998 mysterio
1149 3903 1213 3975 SS.
1231 3904 1312 3973 Tri·

141 4020 282 4107 nitatis,
293 4020 384 4113 quod
397 4020 642 4091 Tertullianus
662 4019 927 4089 «substantiam
949 4016 1033 4087 novi
1049 4014 1277 4099 Testamenti,
1292 4039 1309 4077 n

143 4128 339 4219 Gregorius
361 4128 606 4199 Nazianzenus
632 4128 761 4196 olidam
782 4127 895 4195 totius
919 4125 1017 4197 vitae
1040 4124 1169 4192 sociam
1191 4127 1227 4190 et
1250 4141 1308 4210 pa·

144 4246 313 4311 usnam»
350 4237 506 4327 appellat
540 4234 706 4324 (Tertull.
733 4240 826 4302 cont.
852 4233 958 4302 Prax.
993 4256 1023 4302 c.
1050 4231 1116 4318 a1;
1142 4229 1309 4300 Nazianz.

146 4369 195 4416 or.
212 4347 270 4417 40.
289 4367 325 4416 n.
342 4343 428 4430 41.).
454 4343 574 4435 Ipsum
608 4365 691 4414 vero
715 4342 779 4412 boc
803 4341 966 4433 princeps
1001 4340 1210 4430 mysterium
1232 4332 1314 4404 fidei

148 4457 364 4532 christianae
386 4459 501 4526 totum
524 4452 759 4538 subvertitur,
786 4452 817 4524 si
839 4473 908 4521 non
932 4451 971 4523 iu
986 4448 1144 4521 omnibus
1159 4449 1311 4529 tenatur,
