3120 4988
609 338 647 350 ..
668 305 707 367 27
728 338 766 352 ..

104 411 181 478 dum
197 432 267 477 non
284 415 454 500 quantum
470 413 513 479 ad
530 411 767 495 divinitatem,
787 411 846 480 sed
863 416 904 480 ut
921 412 1053 482 iactum
1069 438 1111 483 ex
1128 418 1276 489 muliere

105 517 204 604 (Gal,
217 518 284 587 IV.
300 520 348 605 4),
368 523 411 586 ut
433 521 681 608 redemptorem
706 519 894 610 homiuum.
927 519 1123 591 Secundum
1148 526 1279 595 divini-

103 632 209 692 tatem
235 649 341 693 unum
366 650 443 695 cum
468 630 573 696 Patre
596 627 708 715 replet
732 626 859 711 omnia,
877 650 939 695 nec
963 634 1079 716 potest
1094 631 1190 698 mitti
1215 641 1280 703 aut

103 735 256 802 transire
280 736 321 803 de
345 735 419 803 loco
444 737 481 802 in
504 736 630 803 locum.
648 735 757 801 Porro
781 735 887 802 etiam
905 735 1064 823 Spiritus
1088 738 1278 808 Sanctusa

103 844 260 911 Patreict
283 844 376 911 Filio
391 867 459 908 oon
484 857 532 908 est
548 844 669 908 missus
692 845 730 907 in
754 841 914 906 mundum
931 857 1098 932 quantum
1122 845 1168 910 ad
1183 870 1279 914 suam

106 947 340 1033 divinitatem,
360 974 428 1040 qua
453 975 559 1019 unum
584 974 661 1018 cum
685 951 774 1039 ipsis
808 973 942 1039 semper
966 957 1020 1019 est
1044 953 1184 1044 ubique.
1211 955 1279 1026 Sed

105 1058 222 1125 missio
248 1058 405 1147 Spiritus
439 1058 562 1127 Sancti
586 1059 624 1125 in
647 1059 812 1125 mundum
837 1081 897 1147 per
921 1060 1060 1126 Patrem
1085 1069 1120 1128 et
1142 1061 1278 1131 Filium

105 1167 204 1233 debet
229 1190 306 1234 cum
330 1167 488 1256 antiquis
512 1167 587 1232 DD.
606 1165 771 1253 intelligi
788 1165 888 1233 unice
913 1166 952 1232 de
970 1167 1100 1254 formis
1135 1172 1278 1237 sensibi-

106 1271 208 1353 libus,
226 1274 286 1338 sub
310 1275 434 1363 quidm
459 1275 531 1361 ipae
552 1274 862 1362 (Spirituslsuper
885 1274 1068 1362 Apostolos
1092 1275 1277 1362 descendit,

107 1404 144 1450 ac
167 1383 292 1450 deinde
316 1383 357 1450 de
389 1383 488 1450 donis
523 1382 559 1448 in
585 1381 711 1448 animis
736 1380 913 1465 fidelium,
947 1402 987 1449 ac
1011 1385 1208 1470 generatim
1233 1387 1276 1454 de

107 1489 386 1557 manifestatione
410 1511 493 1556 suae
510 1488 687 1576 gratiosae
703 1492 741 1554 et
764 1487 938 1555 mirabilis
956 1489 1132 1576 potentiae
1156 1489 1192 1557 in
1215 1491 1280 1558 uli-

107 1620 170 1687 quo
194 1598 281 1685 loc-o,
300 1597 384 1665 licet
401 1598 437 1665 vi
462 1618 545 1664 suae
568 1596 772 1665 divinitatis
789 1597 839 1664 ibi
855 1597 965 1666 fuerit
981 1599 1073 1666 omni
1091 1606 1278 1690 tempore»

108 1729 138 1794 p.
157 1705 236 1773 333.
255 1712 340 1772 nota
364 1704 396 1774 2.
435 1714 440 1731 ¹

170 1814 366 1882 Fatendum
390 1819 455 1896 est,
474 1812 637 1882 maiorem
661 1813 814 1881 omnium
837 1812 1017 1881 notionum
1042 1815 1278 1901 perturbatio·

109 1944 183 1989 nem
207 1921 329 2010 paucis
352 1921 471 1988 verbis
495 1921 556 1988 vix
581 1920 737 2009 potuisse
761 1919 987 2008 complicari,
1018 1944 1120 2010 quam
1145 1921 1204 1989 hio
1228 1924 1281 1990 fa·

109 2035 200 2097 ctum
224 2030 273 2097 sit
296 2051 316 2094 a
339 2029 505 2097 Macerio.
525 2029 672 2111 Quando
694 2029 737 2096 de
761 2029 924 2096 missione
948 2029 1090 2098 divinae
1114 2052 1281 2119 personae

109 2140 239 2228 agitur,
258 2137 432 2226 distingui
456 2140 493 2205 in
518 2141 640 2228 primis
664 2139 765 2205 debet
788 2158 935 2227 persona
952 2159 1046 2228 quac
1063 2139 1149 2206 duas
1174 2138 1282 2207 habet

110 2255 253 2315 naturas
277 2248 344 2316 sibi
368 2247 540 2337 proprias,
570 2247 728 2315 divinam
752 2253 787 2314 ct
812 2246 1016 2328 humanam,
1045 2245 1279 2336 Deus-homo,

109 2355 260 2424 Verbum
285 2357 529 2442 incarnatum,
559 2355 691 2446 illaque
727 2364 911 2443 propterea
935 2352 1149 2423 considerari
1181 2356 1293 2424 debet-

111 2486 168 2552 pro
193 2464 329 2552 duplici
353 2473 473 2548 statu,
502 2472 649 2530 naturae
673 2461 843 2530 humanae
868 2463 923 2530 vel
960 2463 1187 2530 assumendae
1223 2463 1281 2532 vel

112 2581 332 2660 assumptae;
367 2580 442 2639 tum
466 2571 712 2659 distinguatur
735 2577 884 2659 *oportet
908 2592 1055 2658 persona
1086 2571 1187 2637 ouius
1212 2593 1283 2638 una

27 2687 28 2691 ’
112 2680 293 2747 dumtaxat
315 2687 369 2746 est
393 2687 522 2745 natura
545 2678 680 2761 divina,
711 2678 868 2766 Spiritus
893 2676 1057 2745 Sanctus.
1089 2677 1204 2744 Verbo
1227 2677 1283 2744 in·

112 2794 263 2872 carnoto,
282 2787 464 2874 supposita
480 2786 732 2869 incarnatione,
749 2785 843 2853 sicut
854 2786 942 2876 duaa
954 2795 1103 2852 naturae
1117 2783 1168 2851 ita
1182 2805 1282 2872 prae·
1299 2804 1301 2811 ·

114 2895 228 2963 dicata
253 2893 466 2962 conveniunt
482 2893 634 2983 duplicis
650 2893 797 2976 ordinis,
817 2892 939 2960 divina
962 2900 998 2960 et
1015 2892 1178 2960 humana:
1198 2894 1283 2960 ado-

113 3011 209 3069 ratur
232 3010 275 3068 ut
300 3025 404 3069 verus
428 3004 542 3088 Deus,
572 3009 615 3068 ut
638 3024 742 3070 verus
767 2999 866 3066 homo
890 3002 1015 3068 adorat
1038 3002 1149 3067 Deum
1175 3025 1283 3070 unum

114 3117 144 3178 et
166 3108 314 3195 trinum;
346 3109 469 3177 divina
499 3093 679 3199 potestate
706 3114 855 3196 regnat,
883 3107 1036 3175 humana
1070 3111 1284 3179 subiectione

115 3219 273 3286 obediens
297 3219 414 3284 factus
430 3224 483 3284 est
507 3239 615 3307 usque
639 3216 682 3283 ad
701 3224 843 3283 mortem
866 3216 939 3282 Deo
956 3215 1018 3282 uni
1034 3224 1070 3283 et
1086 3216 1194 3303 trino;
1214 3217 1284 3306 ipsi

116 3335 152 3393 ut
174 3328 247 3394 Deo
271 3326 421 3392 offertur
445 3325 679 3408 sacrificium,
709 3325 783 3413 ipse
807 3329 849 3390 ut
873 3324 971 3391 homo
996 3325 1100 3391 offert
1123 3331 1159 3392 et
1182 3324 1284 3391 offer·
1380 3401 1383 3406 ¹

115 3440 181 3519 tur,
201 3435 362 3502 sacerdos
378 3442 414 3501 et
430 3434 576 3502 victima
599 3435 654 3521 (de
671 3434 809 3502 Incarn.
830 3432 897 3501 Th.
915 3434 972 3518 L).
990 3433 1051 3500 Ita¹
1070 3456 1152 3522 ergo
1176 3436 1283 3504 etiam

115 3543 205 3607 mitti
228 3541 335 3609 aliter
357 3550 462 3633 atque
486 3541 591 3610 aliter
618 3543 650 3609 ci
675 3543 851 3630 competit.
881 3541 930 3610 Ut
959 3544 1076 3626 Deus,
1108 3552 1282 3632 quatenus
1347 3599 1352 3612 .

115 3655 226 3717 tamen
251 3657 306 3716 est
330 3672 475 3738 persona
499 3650 669 3717 distincta
693 3651 880 3741 procedens
904 3674 924 3716 a
944 3649 1017 3717 solo
1040 3650 1146 3718 Patre
1170 3658 1283 3740 (μονος

115 3762 326 3854 pompeios),
344 3781 365 3824 a
389 3759 461 3824 solo
483 3759 590 3825 Patre
607 3759 776 3844 mittitur3
796 3781 863 3824 non
880 3756 1069 3824 secundum
1090 3759 1285 3845 auctorita-

115 3876 179 3936 tem
204 3867 357 3956 imperii,
385 3867 444 3934 sed
475 3866 757 3956 quemadmodum
781 3866 892 3933 Deum
927 3864 1024 3931 decet
1048 3864 1282 3955 (θεοπρεπως),

117 3979 303 4046 secundum
330 3975 461 4065 ἀξιωμα
487 3973 736 4063 paternitatis,
768 3974 851 4065 quia
875 3997 895 4040 a
919 3973 1023 4040 Patre
1055 3975 1285 4055 aeternaliter

117 4094 317 4174 generatur,
336 4085 529 4151 mittendus
552 4083 758 4172 intempore
782 4080 828 4148 od
852 4074 1086 4147 assumendam
1104 4082 1286 4149 humanam

116 4211 287 4260 acturam.
307 4193 356 4259 Ut
372 4193 471 4258 homo
488 4194 524 4259 iu
542 4199 670 4259 natura
692 4200 872 4278 assumpta
896 4187 1054 4256 mittitur
1073 4190 1285 4258 auctoritato

118 4303 177 4371 Dei
195 4304 301 4371 unius
318 4308 356 4368 et
370 4302 457 4368 trini
481 4299 526 4366 ad
542 4323 643 4390 opera
660 4297 927 4387 redemptionis·
943 4298 1111 4367 videlicet
1128 4299 1295 4365 mittitur

72 4460 73 4463 κ
119 4413 263 4498 aPatrc
287 4420 323 4480 et
347 4410 486 4500 Spiritu
520 4409 648 4477 Sancto
669 4405 929 4496 ¹significatione
962 4406 1104 4497 propria
1130 4406 1284 4493 (ratione
