3120 4988
693 263 731 279 ..
752 228 791 293 4ss
811 262 849 278 ..

190 333 375 419 veritatis,
401 332 625 428 spiritusque
660 337 853 427 sapientiae
877 336 1117 423 (subsistentis
1140 339 1177 409 h.
1192 356 1227 440 e.
1252 330 1353 428 Filii,

190 451 232 513 ut
255 444 292 511 in
316 444 471 532 proxime
495 445 778 514 antecedentibus
800 446 851 513 ibi
867 445 1034 532 dixerat),
1051 470 1120 514 non
1135 448 1357 537 potestFilio

189 556 352 646 loquente
375 554 513 639 audire,
539 577 626 646 quae
650 554 782 638 nescit,
809 579 882 621 anm
905 557 1081 643 (Spiritus
1105 560 1273 646 Sanctus)
1298 561 1358 627 boo

191 664 301 752 ipsam
324 664 371 728 sit
393 661 484 753 qaod
504 663 686 752 profertur
709 687 731 729 a
754 662 870 751 Filio,
895 662 934 728 id
949 664 1201 750 est‘prooedcns
1225 690 1246 731 a
1269 668 1358 733 acri·

192 785 286 853 tate,
312 771 503 837 consolator
532 795 675 837 manans
700 770 739 838 de
768 772 977 839 consolatore
999 772 1068 859 (l),
1096 774 1187 840 Dens
1210 774 1251 840 de
1273 776 1356 858 Deo,

191 873 345 966 Spiritus
368 881 529 946 caritatis
546 879 774 969 procedens...
800 879 1004 948 Paracletus
1028 881 1069 948 de
1094 903 1165 949 meo
1193 882 1355 971 accipiet.

191 987 346 1055 Rursum
369 985 447 1056 heic
471 990 634 1076 accipere,
653 994 694 1056 ut
709 987 851 1057 divinae
874 994 1022 1056 naturae
1040 989 1236 1074 conveniat,
1257 990 1362 1059 intel·-

192 1093 413 1182 ligendnm...
441 1094 620 1186 Siquidem
644 1103 680 1164 et
701 1095 819 1163 Filius
836 1097 953 1164 eadem
970 1120 991 1164 a
1006 1097 1111 1166 Patre
1135 1097 1292 1187 accipere
1308 1098 1359 1166 di·

194 1201 301 1285 citur,
320 1202 448 1292 quibus
472 1203 549 1378 iqlsa
565 1203 743 1273 subsistit.
768 1203 889 1295 Neque
912 1205 1003 1272 anim
1020 1205 1104 1296 quid
1120 1206 1219 1273 aliud
1235 1211 1290 1274 est
1304 1206 1362 1274 Fi·

194 1310 289 1395 lius,
316 1311 471 1401 exceptis
527 1313 558 1380 is
583 1334 669 1403 quae
699 1312 731 1380 ei
754 1312 885 1382 dantur
910 1337 931 1382 a
953 1317 1058 1383 Patre
1084 1315 1135 1402 (h.
1154 1339 1183 1384 e.
1212 1339 1279 1384 non
1306 1323 1379 1386 est'

194 1418 293 1487 aliud
316 1418 434 1487 Filius
456 1426 491 1488 et
513 1420 611 1489 aliud
636 1421 727 1512 quod
743 1421 838 1489 Filio
855 1422 961 1489 datur
976 1444 997 1488 a
1011 1422 1129 1506 Patre,
1149 1423 1208 1492 sed
1224 1425 1362 1492 omnino

194 1527 259 1596 hoc
275 1527 416 1616 ipsum),
431 1552 538 1618 nepas
553 1529 630 1596 alia
645 1532 841 1596 substantia
856 1546 906 1597 est
921 1532 1076 1618 Spiritus
1091 1513 1212 1602 Sancti
1225 1548 1364 1622 practer

195 1634 246 1716 id,
271 1634 361 1726 qnod
383 1633 488 1703 datar
512 1640 544 1704 oi
566 1640 720 1708 a‘Filio.
747 1639 936 1729 Propterea
959 1647 1077 1709 autem
1101 1639 1172 1707 ista
1196 1640 1363 1711 dicuntur

145 1726 149 1748 ι
196 1742 252 1830 (de
276 1745 584 1814 communicatione
609 1746 721 1814 totius
745 1747 916 1814 essentiae
940 1768 961 1813 a
982 1747 1147 1815 Patrein
1169 1748 1316 1833 Filium,
1343 1773 1364 1817 a

196 1851 303 1922 Patre
325 1860 361 1921 et
383 1853 477 1921 Filio
501 1854 538 1922 in
562 1854 735 1945 Spiritum
760 1853 960 1943 Sanctum),
986 1863 1027 1923 ut
1049 1856 1190 1924 eandem
1222 1857 1260 1924 in
1286 1858 1365 1927 Tri·

196 1960 309 2029 nitate
339 1962 519 2031 credamus
550 1985 623 2031 esse
655 1950 818 2030 baturam
842 1961 999 2052 Spiritus
1024 1962 1168 2049 Sancti,
1195 1970 1362 2055 quaeest
1396 1971 1404 1983 “

197 2068 317 2164 Patris
340 2078 377 2139 et
399 2070 487 2138 Filii
504 2097 520 2133 a
547 2070 595 2138 ib.
615 2093 649 2138 n.
669 2067 785 2139 34-37.

263 2182 300 2274 γ)
322 2178 500 2247 Postremo
535 2177 710 2247 Macarius
733 2199 795 2267 pro
827 2199 891 2246 sua
915 2177 1089 2246 sententia
1124 2179 1214 2271 quod
1246 2180 1365 2249 missio

192 2284 338 2360 ‘dicatur
351 2282 535 2354 dumtaxat
547 2287 589 2352 ob
601 2285 1004 2354 consubstantialitatem
1019 2287 1192 2355 mittentis
1204 2292 1240 2356 et
1252 2288 1363 2373 missi,

197 2391 298 2460 nulla
320 2391 443 2460 habita
464 2391 601 2460 ratione
624 2393 870 2481 processionis,
889 2392 1052 2483 producit
1068 2394 1174 2462 verba
1197 2395 1367 2486 quaedam

198 2499 330 2590 Cyrilli
360 2499 595 2569 Alexandrini
631 2522 673 2567 ex
696 2501 721 2569 l.
739 2500 804 2569 XI.
830 2523 860 2569 o.
881 2501 934 2569 10.
961 2503 998 2568 in
1032 2500 1154 2570 Ioann.
1192 2502 1243 2588 (h.
1270 2525 1300 2570 e.
1328 2505 1364 2571 iu

196 2607 248 2677 Io.
266 2607 386 2683 XVII.
403 2608 456 2676 18.
485 2609 554 2694 19).
583 2607 753 2677 «Rursus
784 2631 860 2678 aum
883 2609 1086 2698 (Spiritum)
1111 2615 1152 2676 ut
1184 2611 1366 2699 proprium

198 2714 353 2804 largitur
375 2715 504 2802 Filius,
519 2724 661 2807 propter
676 2717 897 2786 identitatem
911 2717 1130 2785 substantiae
1147 2737 1249 2807 quam
1262 2717 1369 2787 habet

198 2846 276 2893 cum
299 2823 416 2893 Patre.
432 2830 463 2886 π’

264 2932 412 2999 Postea
435 2953 523 3023 quae
558 2931 732 3017 diximus,
759 2931 851 2999 nihil
882 2953 968 3020 opus
1004 2934 1059 2999 est
1082 2929 1138 2998 his
1173 2930 1367 3002 immorari.

199 3037 426 3108 Concedimus
450 3039 600 3126 omnino,
626 3046 807 3130 propterea
831 3038 921 3129 quod
940 3037 1057 3105 Filius
1080 3059 1187 3106 unum
1212 3046 1265 3106 est
1289 3063 1367 3110 cum

199 3145 305 3215 Patre
328 3153 468 3232 natura,
486 3171 560 3217 esse
584 3149 689 3217 etiam
712 3171 820 3216 uuum
843 3169 921 3214 cum
935 3147 1040 3213 ‚Patre
1064 3145 1101 3212 in
1128 3147 1264 3215 virtute
1289 3149 1369 3217 mit-

201 3254 300 3323 tendi
323 3261 359 3324 et
392 3255 569 3345 largiendi
603 3254 777 3343 Spiritum
813 3254 999 3339 Sanctum
1025 3253 1084 3321 sed
1120 3254 1279 3345 quaestio
1314 3262 1370 3324 est

96 3396 97 3399 ¹
202 3364 285 3452 alia,
300 3364 341 3433 ds
365 3385 434 3455 qua
456 3364 521 3433 hoc
543 3364 619 3431 loco
643 3363 802 3453 Cyrillus
826 3360 999 3452 expressis
1023 3360 1140 3429 verbis
1163 3383 1231 3429 non
1254 3361 1368 3454 loqui-⁸

202 3550 324 3616 Spiritus
342 3546 469 3602 caritatis
487 3555 550 3600 est»
570 3541 735 3620 (Batramn.
750 3548 825 3599 cont.
840 3545 937 3599 Graec.
952 3546 1027 3597 1.11.
1042 3561 1066 3598 c.
1080 3541 1119 3614 t).
1136 3544 1266 3598 Getarum
1285 3546 1372 3598 etiam

204 3657 238 3695 ex
249 3643 301 3695 hsc
314 3642 438 3694 lectione
451 3635 596 3706 corrupta,
612 3639 756 3704 multoque
771 3636 862 3701 magle
876 3651 909 3688 ex
923 3636 1053 3689 omuibus
1067 3635 1135 3688 aliia
1149 3651 1218 3700 quae
1234 3635 1368 3703 disputat

203 3731 351 3799 Didymus,
367 3730 468 3796 dogma
485 3730 658 3783 catholicum
687 3729 762 3780 clare
791 3728 893 3779 elucet.
913 3727 970 3779 Illa
1001 3726 1089 3778 verba
1110 3744 1122 3772 a
1143 3725 1218 3791 qaod
1246 3726 1369 3789 spiritns

202 3823 329 3875 veritatis
346 3821 480 3888 subsistit,
497 3830 546 3887 sq‘o
566 3820 669 3871 essitas
688 3820 797 3884 toqaor,
817 3817 892 3868 »vel
913 3816 1022 3868 nullum
1041 3816 1150 3868 babent
1173 3829 1296 3881 sensum,
1318 3817 1366 3869 vel

203 3915 278 3966 certe
307 3912 390 3965 huna
419 3926 469 3976 ego
498 3910 609 3963 veritas
629 3907 729 3973 loquor
745 3901 895 3977 (spirando
915 3901 1050 3976 produco)
1069 3903 1206 3971 Spiritum
1233 3903 1369 3958 veritatis

204 4003 418 4066 subsistentem
433 4007 465 4052 ut
484 4000 570 4061 etiam
589 3999 762 4051 Batramnus
782 3995 944 4047 intellexit.

273 4085 318 4164 (1)
336 4090 449 4143 Alludit
467 4091 501 4144 ad
522 4089 594 4142 illud
614 4090 656 4141 Io.
670 4087 747 4140 XIV.
760 4084 832 4136 162«
853 4085 941 4136 aliam
958 4084 1130 4137 Paraclitum
1151 4082 1232 4136 dabit
1245 4083 1339 4151 vobis,
1356 4103 1369 4130 n

205 4181 255 4234 ubi
281 4179 413 4234 (ibristus
432 4178 560 4232 ostendit
585 4175 640 4250 (ait
658 4174 834 4240 Augustinus
863 4174 894 4224 iu
913 4175 955 4226 lo.
976 4176 1060 4225 tract.
1082 4173 1125 4225 74.
1150 4167 1231 4243 n.4),
1259 4178 1314 4226 ast
1331 4190 1373 4226 se·

205 4272 299 4338 ipsum
320 4285 381 4321 esse
400 4269 576 4344 Papacletum
595 4287 621 4335 »η
637 4265 712 4319 unde
739 4263 864 4332 Spiritus
893 4263 1059 4317 consolator
1086 4277 1204 4316 mansus
1233 4262 1267 4315 de
1295 4261 1374 4315 Filio

206 4359 483 4429 consummassent
501 4359 627 4429 Spiritus
646 4359 721 4412 Deus
742 4353 775 4408 de
795 4355 853 4410 lieo
871 4352 957 4409 ilitio.

905 4459 914 4491 t
