3120 4988
682 229 719 242 -
740 194 799 258 til
820 228 857 243 —

189 303 301 372 Deum
317 324 390 371 esse
406 303 615 371 confiteor...
633 304 739 371 Pater
763 325 868 373 verus
891 301 1017 390 genuit
1031 300 1165 370 Filium
1182 325 1305 371 verum

190 411 238 480 Et
253 413 383 499 (credo)
399 408 570 500 Spiritum
595 409 762 494 Sanctum
780 433 901 480 verum
924 412 1046 497 Deum,
1067 433 1135 478 nou
1157 410 1353 500 ingenitum

191 543 302 610 neque
329 519 486 609 genitum
511 541 578 585 non
605 524 761 586 creatum
784 542 846 587 nec
871 521 1015 605 factum,
1045 520 1103 587 sed
1121 521 1356 610 procedentem

190 627 314 696 Patris
331 641 363 693 et
381 627 485 710 Filii,
502 650 630 715 semper
645 630 683 692 in
700 629 807 696 Patre
830 643 862 695 et
878 630 974 696 Filio
992 643 1237 700 coaeternum
1259 631 1360 720 Sym-

192 735 269 802 bolo
293 736 522 826 subiungitur
547 738 715 825 copositio
733 735 821 826 fidei
845 737 1048 823 catholicae,
1068 761 1157 831 quac
1173 739 1364 808 coustituit

192 842 320 911 librum
344 845 389 912 X.
417 844 548 932 Scopas
573 832 799 934 expositionis
816 846 1023 935 praecipuus
1052 854 1107 916 est
1132 849 1282 916 Arianis
1307 850 1363 916 de·

192 960 385 1020 monstrare
403 952 626 1022 divinitatem
639 952 728 1020 Filii
743 962 779 1022 et
792 952 949 1043 Spiritus
963 954 1097 1039 Sancti,
1113 957 1151 1023 in
1168 979 1240 1047 qua
1256 957 1363 1024 unius

192 1060 335 1129 deitatis
348 1061 642 1128 demonstratione
655 1084 788 1151 semper
806 1070 980 1153 tamquam
994 1064 1262 1132 fundamentum
1280 1087 1362 1155 prae

192 1169 303 1238 oculis
326 1168 681 1260 habenturinternae
704 1168 894 1237 relationes
918 1171 1067 1260 originis
1082 1194 1310 1260 personarum
1327 1178 1361 1241 et

193 1277 458 1346 communicatio
471 1271 632 1347 naturae.
659 1278 710 1346 De
735 1275 870 1369 Spiritu
894 1278 1023 1348 Sancto
1036 1278 1130 1362 inter
1153 1280 1291 1348 aliaibi
1307 1303 1360 1374 ex<

192 1391 291 1453 stant
314 1387 432 1471 verba,
462 1387 588 1477 quibus
611 1387 815 1475 Langenius
839 1389 1012 1456 abutitur.
1045 1415 1062 1448 n
1092 1388 1131 1458 si
1164 1389 1357 1478 Scripturis

192 1493 333 1562 Domini
357 1495 415 1564 vel
439 1495 584 1563 Domino
608 1495 767 1585 loquenti
802 1496 982 1582 crederes,
1009 1519 1197 1588 numquam
1231 1506 1356 1565 creato

192 1624 265 1670 rem
289 1601 491 1692 (Spiritum)
516 1603 688 1673 creaturis
712 1626 950 1694 comparares,
970 1628 1046 1673 cum
1070 1605 1222 1695 legaris:
1247 1605 1357 1675 Verbo

193 1711 333 1778 Domini
357 1711 444 1779 coeli
467 1712 596 1780 firmati
621 1716 723 1797 sunt,
743 1719 778 1781 et
801 1715 939 1801 Spiritu
963 1717 1032 1780 oris
1061 1715 1132 1781 eins
1156 1715 1269 1782 omnis
1293 1715 1359 1783 vir-

193 1826 393 1890 tuscorum
418 1821 490 1905 (Ps.
521 1820 674 1888 XXXII.
706 1823 800 1908 6.)...
824 1821 873 1889 Et
895 1823 1065 1890 Dominus
1088 1823 1125 1890 iu
1163 1822 1358 1912 Evangelio

193 1926 373 2014 Apostolis
409 1924 521 1994 dicite
552 1928 688 1994 mittam
723 1925 823 1995 vobis
848 1949 868 1991 a
891 1926 996 1994 Patre
1019 1949 1092 1995 meo
1122 1927 1357 2010 Paracletum,

194 2035 365 2124 Spiritum
388 2036 564 2115 ceritatis;
578 2035 633 2101 tic
656 2033 696 2100 de
720 2035 828 2102 Patre
846 2033 1027 2121 procedit,
1058 2049 1090 2101 et
1114 2033 1155 2100 de
1178 2059 1247 2101 meo
1274 2059 1361 2102 aoce-

188 2144 248 2231 pit
273 2143 338 2228 (Io.
356 2141 435 2210 XV.
454 2141 511 2229 263
530 2141 628 2209 XVI.
649 2141 733 2225 14.),
756 2139 937 2236 Sufficeret
954 2142 1092 2233 quidem
1115 2141 1280 2210 fidelibus
1298 2141 1358 2210 hoc

194 2252 310 2338 ipsum
335 2251 484 2334 credere,
504 2249 586 2339 quia
608 2247 727 2317 Filius
750 2251 892 2340 genitus
916 2257 981 2337 cst;
1001 2252 1157 2338 Spiritus
1185 2265 1299 2316 certem
1322 2249 1360 2315 de

193 2358 300 2425 Patre
317 2358 501 2447 procedens
527 2369 575 2422 eet
599 2356 673 2442 (1),
704 2358 805 2426 ouius
828 2358 1000 2448 processio
1025 2347 1141 2448 qualis
1169 2365 1205 2425 et
1229 2364 1359 2449 quauta

194 2465 254 2551 sit,
283 2465 376 2533 nulli
401 2465 602 2533 conceditur
627 2465 739 2550 scire,
770 2465 863 2534 sicut
886 2473 921 2534 et
945 2465 985 2533 de
1008 2463 1104 2534 Filio
1128 2465 1262 2536 dictum
1294 2473 1358 2534 est:

194 2574 452 2663 generationem
476 2572 551 2640 eins
582 2572 661 2663 quis
696 2571 909 2640 enarrabit»
936 2571 988 2661 (2)
1013 2573 1108 2661 (Act.
1140 2570 1244 2641 VIII.
1276 2571 1358 2659 33).

194 2678 280 2746 Post
302 2677 386 2747 haec
410 2677 569 2766 vigilius
594 2679 660 2746 sibi
685 2679 834 2747 invicem
860 2679 1003 2768 opponit
1026 2678 1051 2747 l.
1077 2678 1142 2747 XI.
1170 2679 1360 2767 professio-

194 2809 268 2851 nem
292 2787 466 2854 Arionem
482 2800 514 2851 et
539 2786 782 2872 confessionem
805 2785 1020 2852 catholicam.
1042 2811 1057 2844 o
1083 2784 1213 2852 Ariani
1237 2785 1359 2852 dicunt

193 2892 325 2962 Filium
349 2900 385 2962 et
409 2891 579 2983 Spiritum
597 2891 821 2962 Sanctumab
844 2895 983 2962 arcanis
998 2894 1118 2961 Patris
1142 2902 1358 2962 extorrem...

194 3003 270 3090 Ego
294 3000 389 3068 oredo
413 2988 642 3090 (ooniessione
667 3001 791 3094 utique
814 3002 1003 3089 catholica)
1026 3001 1161 3068 Filium
1187 3002 1226 3068 iu
1255 3001 1359 3069 Patre

194 3118 229 3179 et
252 3112 391 3179 Patrem
414 3110 572 3198 inritis,
592 3110 768 3200 Spiritum
792 3134 928 3202 quoque
953 3109 1121 3178 Sanctum
1145 3108 1362 3177 Paraclitum

193 3222 257 3311 qni
274 3217 432 3310 procedit
455 3243 477 3284 o
500 3220 619 3301 Patre,
638 3233 669 3284 et
694 3219 787 3287 Filii
804 3242 871 3285 esse
894 3234 926 3285 et
942 3219 1076 3300 Patris,
1094 3219 1181 3308 quio
1207 3230 1239 3281 et
1263 3241 1286 3283 a
1304 3217 1362 3284 Fi-

194 3329 242 3393 lio
251 3326 418 3416 procedit,
437 3327 531 3395 siout
545 3332 581 3396 et
596 3326 634 3393 iu
650 3326 847 3416 Evangelio
863 3328 1035 3416 scriptum
1052 3334 1119 3411 est,
1139 3324 1231 3416 quod
1247 3325 1361 3392 insuf-

193 3435 370 3506 flationem
394 3459 491 3505 suam
513 3436 650 3506 dederit
673 3437 856 3528 discipulis
880 3437 955 3505 suis
988 3435 1163 3526 Spiritum
1190 3435 1359 3502 Sanctum

268 3639 310 3714 (1)
329 3644 368 3694 De
383 3642 469 3694 Patre
482 3638 635 3706 procedens
655 3637 787 3690 nimirum
802 3635 938 3702 eomodo,
956 3650 1009 3703 quo
1024 3633 1138 3687 dixerat
1151 3632 1204 3685 hoo
1217 3633 1281 3700 ipso
1293 3635 1360 3698 loco,

198 3737 227 3787 et
246 3734 329 3799 paulo
349 3735 416 3784 ante
435 3733 466 3782 in
481 3731 619 3796 symbolo,
641 3732 670 3782 et
688 3744 751 3780 mox
765 3727 890 3782 inferius
908 3729 1011 3780 iterum
1024 3725 1160 3791 declarat,
1181 3724 1259 3777 sicut
1277 3723 1362 3776 nomi-

198 3825 289 3876 natim
307 3821 381 3888 apud
400 3823 500 3874 Patres
513 3819 674 3886 Africanos,
695 3818 885 3884 Augustiuum
904 3820 934 3869 et
952 3815 1137 3882 Fulgentium
1155 3813 1206 3885 (cf.
1220 3814 1315 3866 Tract.
1330 3812 1362 3865 de

197 3913 278 3967 Trio.
299 3913 342 3964 ed.
360 3913 387 3966 2.
408 3928 435 3978 p.
451 3905 537 3979 508.),
562 3910 740 3977 processioa
758 3911 844 3960 Patre
872 3923 992 3979 semper¹
1008 3905 1199 3972 intelligitur,
1226 3911 1363 3971 qnatenus

197 4003 283 4053 Pater
301 4009 328 4053 et
339 4000 434 4052 Filius
451 3999 608 4067 spiratione
624 4016 712 4051 ortum
730 4006 806 4051 sont.

267 4090 309 4165 (2)
327 4094 403 4144 Haec
421 4091 580 4158 respiciunt
604 4092 769 4158 perpetuam
787 4088 1003 4143 cavillationem
1027 4084 1359 4148 Pneumatomaohornm,

197 4199 245 4238 our
263 4183 389 4250 Spiritus
409 4198 465 4234 nou
485 4182 525 4235 sit
542 4181 653 4248 Filius,
675 4182 701 4234 si
720 4195 755 4234 ax
773 4179 937 4233 substantia
954 4179 1051 4230 Patris
1071 4179 1100 4228 et
1118 4175 1190 4228 Filii
1210 4173 1362 4242 procedat?

197 4275 248 4328 (lui
262 4271 426 4340 quaestioni
441 4272 529 4327 etiam
543 4271 597 4324 alii
610 4270 894 4339 Patresrespoudere
909 4270 1004 4322 solent
1018 4266 1188 4334 appellando
1207 4266 1242 4318 ad
1262 4267 1362 4320 iucom-

196 4364 476 4436 prehensibilitatem
496 4361 659 4418 diuinarum
677 4362 849 4417 relationum
860 4359 967 4433 (Tract.
982 4358 1016 4412 da
1030 4358 1110 4414 Trio.
1123 4374 1153 4427 p.
1166 4352 1254 4427 433.).
