3158 4980
706 306 744 321 -
766 275 823 339 tte
844 307 882 321 -

191 371 302 455 ,ΝΜ
317 405 376 470 par
397 381 616 471 unipenitum
640 381 774 461 sciscit,
792 404 834 448 ne
852 403 929 449 cum
952 379 1018 448 hac
1042 377 1178 470 aliquid
1203 400 1379 448 commune

204 462 370 560 Spiritus
394 490 521 559 habere
556 489 778 559 existimetur
813 495 1016 580 propterea,
1053 485 1143 580 quod
1165 511 1226 575 per
1249 488 1383 555 Filium

212 570 380 695 {litamen
411 595 570 687 Spiritus
603 619 624 663 a
655 603 822 666 creatura
851 594 1047 664 secernitur
1080 591 1324 661 immobilitate
1348 601 1384 663 et

216 703 512 788 111lmutubilitata,
539 710 574 772 et
599 705 690 796 quod
714 727 783 771 non
806 703 947 787 indiget
971 699 1112 769 aliunde
1136 700 1261 767 habere
1286 721 1384 768 suam

218 786 432 881 loricatam»
458 810 532 898 (sed
555 817 610 881 est
633 812 710 900 ipsa
733 812 771 879 in
794 833 830 879 sa
854 808 992 877 bonitas
1014 806 1229 891 essentialis)
1253 808 1315 894 (1).

281 921 388 991 Vides
411 921 593 989 evidenter
616 928 786 990 assertam
811 921 1056 1010 proprietatem
1075 916 1232 1004 Spiritus
1248 915 1381 1000 Sancti,

223 1045 283 1118 qua
305 1052 326 1096 a
349 1028 444 1097 Filio
468 1027 716 1116 distinguitur,
743 1029 833 1120 quod
859 1050 925 1094 non
949 1031 991 1094 ut
1013 1024 1130 1093 Filius
1153 1024 1263 1091 asolo
1279 1025 1385 1092 Patra

224 1138 429 1232 (μονὸγενως)
454 1135 621 1226 procedit,
640 1134 700 1204 sed
717 1135 807 1228 quod
824 1161 845 1200 a
863 1136 970 1202 Patre
987 1157 1050 1222 per
1068 1133 1199 1200 Filium
1228 1132 1384 1221 effulpet.

221 1241 378 1334 intelligi
403 1266 485 1312 vero
509 1244 726 1314 effulsionem
751 1245 925 1312 internam
949 1249 984 1312 et
1000 1253 1187 1326 aeternam,
1206 1241 1273 1317 ianr
1290 1264 1331 1308 ex
1348 1262 1387 1308 eo

218 1350 475 1446 liquidumteat,
502 1352 592 1444 quod
616 1352 701 1421 haec
725 1352 860 1440 effulsio
881 1375 942 1439 per
965 1351 1107 1419 Filium.
1122 1358 1175 1418 est
1192 1349 1387 1438 proprietas

216 1460 407 1550 personalis
420 1461 637 1527 «constituens
650 1459 820 1548 Spiritum
836 1480 1012 1548 personam
1031 1457 1231 1525 distinctam
1244 1479 1265 1523 a
1277 1453 1387 1539 Filio,

217 1576 248 1636 at
269 1568 387 1636 adhuc
411 1568 582 1636 disertius
605 1567 804 1658 explicatur
828 1590 869 1636 ex
902 1565 1158 1654 comparatione
1193 1588 1268 1633 cum
1293 1586 1386 1631 crea·
1462 1553 1464 1557 ⁸

221 1677 326 1744 turis.
354 1676 485 1744 Verum
510 1682 575 1760 est,
600 1675 716 1768 inquit
739 1675 934 1764 Nyssenus,
954 1673 1044 1766 quod
1061 1671 1271 1740 Eunomiani
1296 1671 1388 1739 affir-

227 1790 333 1868 mant,
360 1792 434 1852 tum
459 1793 579 1853 creata
603 1784 718 1851 omnia
744 1783 870 1850 habere
903 1782 1126 1850 existentiam
1160 1805 1218 1868 per
1241 1778 1386 1864 Filium,

220 1894 293 1973 tum
320 1888 491 1980 Spiritum
521 1889 686 1960 Sanctum
717 1889 887 1978 effulgere
919 1911 979 1978 per
1002 1887 1146 1955 eundem
1169 1885 1313 1954 Filium.
1337 1887 1390 1953 At

220 1984 339 2078 creata
375 2020 434 2087 per
463 1996 597 2066 Filium
632 1997 873 2088 producuntur
897 1996 934 2064 in
957 2003 1085 2063 natura
1119 1995 1331 2084 participata
1355 2000 1390 2062 et

216 2103 396 2189 mutabili,
422 2105 577 2195 Spiritus
602 2107 663 2195 per
686 2104 828 2174 eundem
847 2104 1053 2194 producitur
1069 2102 1106 2169 in
1123 2113 1251 2168 natura
1268 2101 1391 2168 immu-

213 2213 319 2311 tabili
344 2223 380 2282 et
403 2215 440 2281 in
464 2215 676 2304 perfectione
700 2209 899 2282 essentiali!
914 2213 990 2280 Non
1007 2233 1089 2300 ergo
1106 2233 1144 2277 eo
1166 2209 1287 2277 differt
1310 2209 1387 2300 Spi-

204 2325 354 2392 ritusa
389 2321 574 2403 creaturis,
604 2320 694 2412 quod
719 2319 783 2389 hae
807 2342 828 2386 a
851 2320 956 2388 Patre
986 2342 1048 2409 per
1075 2318 1207 2387 Filium
1240 2318 1390 2385 habeant

206 2429 453 2515 existentiam,
479 2428 636 2518 Spiritus
658 2424 774 2496 antem
797 2449 819 2494 a
843 2427 915 2494 solo
940 2427 1140 2514 Patre3'sed
1165 2427 1233 2495 imo
1257 2426 1294 2493 in
1326 2426 1390 2496 hoc

204 2541 395 2621 convenit,
423 2536 513 2630 quod
537 2545 573 2605 at
597 2538 671 2626 ipse
696 2535 852 2625 Spiritus
876 2535 1100 2625 existentiam
1125 2535 1231 2604 habet
1246 2557 1267 2601 a
1284 2535 1391 2603 Patre

206 2637 280 2736 per
302 2643 434 2713 Filium
461 2652 503 2713 ut
525 2645 567 2712 ab
584 2667 651 2712 uno
669 2644 861 2733 principi03
888 2656 925 2712 at
941 2644 1081 2712 infinita
1103 2654 1156 2713 est
1173 2645 1389 2728 differentia,

212 2753 311 2845 qnod
335 2752 489 2841 Spiritus
513 2775 534 2819 a
557 2753 662 2821 Patre
685 2775 745 2840 per
768 2750 902 2819 Filium
927 2751 1135 2841 producitur
1165 2752 1391 2820 communica-

214 2861 316 2930 tione
333 2859 438 2928 unius
461 2859 631 2927 essentiae
648 2866 683 2926 et
698 2857 899 2926 essentialis
919 2859 1097 2941 bonitatis,
1117 2867 1298 2927 creaturae
1315 2880 1391 2947 pro·

212 2951 400 3036 ‘ducuntur
425 2968 598 3035 creatione
632 2981 779 3035 naturae
803 2967 935 3035 finitae.
963 2968 1016 3038 cf.
1035 2967 1275 3035 Bessarionem
1300 2973 1389 3035 orat.

221 3074 336 3164 dogm.
354 3099 383 3143 c.
403 3075 435 3143 6.
462 3076 590 3163 (Marsi
614 3075 654 3144 Τ.
674 3075 808 3144 XXXI.
828 3101 860 3165 p.
880 3075 1078 3161 923-927.).

240 3197 243 3203 '
286 3185 331 3250 3¹⁶
350 3184 413 3252 En
431 3185 637 3274 Epiphanio
662 3185 829 3277 quomodo
844 3185 996 3272 proferri
1021 3185 1133 3274 possit
1155 3184 1391 3253 testimonium

223 3291 348 3360 diserta
370 3317 498 3382 nepcna
522 3294 771 3383 processionem
796 3315 816 3359 a
839 3291 946 3376 Filio,
966 3316 1047 3362 sane
1072 3295 1271 3380 mirabitur,
1298 3295 1393 3385 quis-

225 3402 302 3494 quis
320 3401 447 3499 legerit
459 3400 689 3470 clarissimam
707 3410 741 3468 et
758 3423 857 3490 saepe
874 3399 1056 3492 repetitam
1075 3402 1266 3470 doctrinam
1284 3427 1312 3471 s.
1328 3403 1392 3469 Pa-

225 3511 312 3596 tris,
339 3502 441 3602 ¹duum
473 3509 733 3600 descripsimus.
758 3510 902 3595 Inducit
933 3517 1049 3579 tamen
1072 3511 1247 3581 Macarius
1277 3502 1392 3580 iront'e

224 3691 376 3746 manifeste
391 3690 552 3746 declaratur
564 3695 597 3745 ut
608 3695 726 3748 aeterna
739 3691 889 3762 productio
904 3693 1030 3762 Spiritus
1042 3708 1093 3762 per
1106 3693 1224 3762 Filium,
1233 3693 1391 3749 Photianns

226 3789 307 3837 ceute
326 3783 446 3836 silentio
465 3784 630 3853 supprimit.

220 3868 225 3879 '
293 3873 391 3947 (1ch
412 3877 438 3926 δε
457 3895 654 3948 πνευμα...τῃ
674 3895 738 3948 προς
758 3895 802 3927 τον
823 3874 876 3928 duos
897 3895 967 3928 κατα
987 3894 1015 3926 το
1034 3873 1161 3927 durcones
1188 3886 1328 3944 συναφειᾳ,
1347 3895 1389 3928 και

226 3961 248 4018 ἓν
269 3986 303 4035 τῳ
324 3984 369 4024 την
388 3964 475 4018 durrus
495 3985 541 4024 της
562 3965 693 4037 ὑπαρξεως
713 3962 740 4020 ἔκ
761 3984 806 4018 του
827 3962 889 4018 Sanc
909 3986 955 4018 των
982 3965 1046 4019 ὅλων
1067 3961 1138 4037 ἔχειν
1167 3965 1312 4036 incapaces,
1330 3963 1392 4038 cipr-

227 4075 324 4110 σταται
345 4059 425 4110 naim
447 4053 471 4109 ἐν
493 4075 525 4125 τῳ
546 4051 681 4128 fiuntdcccc·
693 4054 718 4109 ἓν
732 4076 765 4125 τῳ
779 4075 848 4126 punse
858 4075 1004 4126 μονογενως
1017 4051 1045 4109 ἔκ
1061 4075 1107 4108 του
1120 4074 1219 4126 carpor
1238 4055 1386 4115 ὁποστῆναι

227 4166 267 4201 nan
289 4146 314 4200 ἐν
334 4166 367 4216 τῳ
387 4149 409 4200 δι
429 4143 512 4198 αὐτον
532 4164 577 4197 του
598 4144 654 4197 cirac
675 4157 825 4216 πεφηνεναι.
844 4145 928 4196 Ileates
949 4145 975 4194 δε
995 4163 1042 4204 της
1063 4160 1169 4205 nuscetur
1189 4149 1233 4198 δια
1252 4165 1296 4198 του
1316 4165 1393 4216 puoso·

227 4256 316 4308 perone
336 4235 504 4299 ὁποστασης,
520 4235 553 4296 οἷς
572 4230 604 4288 cir
622 4255 660 4305 μη
680 4254 820 4290 notrorum
847 4254 904 4286 τινα
922 4253 985 4306 προς
1008 4254 1105 4292 ταυτην
1127 4233 1197 4307 ἔχειν
1223 4233 1338 4308 rapacia
1360 4257 1391 4288 το

226 4343 329 4396 canopea
356 4319 384 4377 in
403 4342 456 4376 nov
476 4326 519 4377 δια
544 4342 588 4377 του
611 4323 666 4378 dccv
686 4321 877 4393 assuescenti
899 4342 932 4392 τῳ
951 4321 1070 4394 ἅτρεπτῳ
1090 4322 1134 4378 καὶ
1160 4319 1327 4393 inalienare
1347 4346 1391 4378 και

225 4409 362 4488 dupundiu
382 4432 430 4477 της
450 4409 573 4487 incessas
592 4407 767 4484 ἀγαθοτητος
786 4417 944 4487 inenervem
965 4431 994 4466 το
1015 4433 1121 4487 aucupen
1135 4408 1189 4470 cirre
1208 4433 1255 4477 της
1276 4431 1394 4473 accense.
