3120 4988
523 295 560 308 -
583 262 640 325 267
667 294 704 309 -

28 372 146 439 suasio
174 371 301 437 animis
325 369 584 455 inhaerebat,n
612 377 653 438 nt
675 369 834 437 Basilius
858 392 912 458 ep.
933 369 1011 438 125.
1029 393 1065 437 n.
1084 370 1117 438 3.
1135 375 1223 456 stag

25 485 100 548 tum
119 479 299 548 doctrinae
317 484 397 546 ante
415 479 566 547 medium
582 479 760 546 saeculum
776 477 842 546 IV.
861 478 902 546 da
918 478 995 568 ipsa
1012 478 1202 546 divinitate

21 586 182 676 Spiritus
208 586 514 665 Sanctideclarat
537 587 633 673 (vide
659 586 726 654 rh.
746 585 895 653 XXXV.
915 586 952 653 in
976 584 1177 675 prooemio).

94 698 132 779 a)
156 695 232 762 Iam
255 695 463 762 assumendo
487 696 694 763 documenta
717 693 995 778 actestimonia,
1021 699 1063 762 ut
1077 716 1098 760 a
1113 694 1207 761 Lan-

20 804 131 891 genio
155 805 401 892 proferuntur,
421 803 565 872 evidens
589 809 643 870 est
669 823 856 869 consensus
880 802 1033 868 omnium
1058 801 1208 889 scripto-

18 933 106 979 rum
132 911 449 980 ecelesiasticorum
475 912 511 978 in
535 911 613 1000 ipsa
629 932 763 978 summa
780 908 972 994 doctrinae,
991 909 1082 1000 quod
1099 909 1208 977 tertia

14 1041 177 1108 persona
201 1018 264 1088 SS.
286 1019 479 1088 Trinitatis
502 1019 660 1107 procedit
685 1041 706 1085 a
729 1018 843 1106 prima
859 1040 1016 1107 ,persona
1040 1041 1108 1085 non
1136 1018 1210 1085 nisi

12 1128 210 1217 supposita
234 1129 386 1196 secunda
399 1133 559 1215 persona,
577 1132 612 1194 et
627 1126 772 1214 proinde
789 1126 899 1199 tertia
917 1147 1064 1216 persona
1081 1125 1209 1193 realem

12 1233 133 1300 habet
156 1234 361 1302 relationem
387 1235 538 1323 originis
562 1257 631 1301 non
656 1235 768 1302 solum
785 1234 830 1301 ad
849 1234 997 1322 primam
1018 1234 1078 1301 sed
1102 1233 1208 1301 etiam

11 1340 69 1407 ad
96 1342 493 1431 secundampersonam,
513 1346 618 1433 atque
635 1341 767 1410 ideirco
785 1341 943 1428 Spiritus
969 1341 1120 1409 Sanctus
1137 1362 1208 1408 cre·

12 1448 163 1515 dendus
186 1455 240 1516 est
264 1450 421 1539 accipere
453 1450 641 1518 essentiam
665 1456 701 1517 et
725 1471 841 1517 omnes
866 1449 1120 1538 perfectiones,
1148 1470 1209 1516 seu

10 1554 199 1642 effulgere
224 1562 260 1623 et
282 1557 467 1643 procedere
492 1581 513 1622 a
537 1558 647 1624 Patre
667 1581 729 1644 per
753 1556 888 1624 Filium
906 1555 982 1625 sive
1007 1581 1029 1622 a
1053 1559 1162 1625 Patre
1178 1569 1210 1621 er

13 1663 139 1731 Filio.
153 1662 248 1731 Haec
266 1665 426 1732 doctrina
443 1664 595 1732 diversis
614 1664 723 1731 modis
737 1663 915 1755 loquendi,
932 1664 1084 1732 diversis
1101 1666 1208 1732 etiam

12 1771 293 1859 probationibus
330 1793 401 1839 una
435 1772 613 1860 reperitur
644 1794 749 1862 penes
786 1773 944 1840 doctores
966 1771 1208 1840 Ecclesiarum
1282 1820 1285 1825 -

17 1879 205 1968 Aegypti,
231 1879 353 1970 Cypri,
380 1879 489 1948 Asiae
512 1880 671 1966 minoris,
689 1879 926 1964 Palaestinae,
945 1880 1061 1965 Ponti,
1079 1880 1206 1946 Antion

18 1985 142 2070 chiae,
168 1985 324 2071 Africae,
343 1987 549 2076 Hispaniae,
571 1988 723 2072 Galliae,
750 1986 892 2072 Italiae,
920 1986 1032 2054 totius
1064 1987 1207 2078 inquam

24 2093 180 2162 orientis
204 2099 240 2162 et
264 2094 453 2163 occidentis
477 2118 498 2162 a
521 2095 571 2164 II.
591 2096 634 2163 ad
657 2096 721 2162 IX.
749 2095 948 2180 saeculu1n;
975 2117 1043 2161 non
1067 2116 1150 2183 ergo
1168 2115 1209 2162 ea

31 2205 90 2268 est
111 2201 255 2289 privata
277 2224 465 2292 paucorum
482 2203 611 2292 opinio,
630 2203 690 2271 sed
715 2204 892 2271 sententia
910 2202 1125 2271 universalis
1141 2203 1208 2270 Ec·

37 2307 364 2482 elesblloelloctrinam
388 2400 446 2470 vel
471 2399 623 2487 integris
649 2399 950 2488 disputationibus
967 2399 1025 2469 vel
1043 2400 1209 2489 simplici·

26 2511 88 2573 ter
111 2504 318 2594 appellando
342 2507 386 2575 ad
412 2507 520 2575 verba
548 2506 684 2575 Christi
708 2512 743 2574 et
767 2505 1041 2594 Apostolorum,
1068 2509 1212 2597 potissi-

28 2636 125 2681 mum
149 2614 193 2681 ad
218 2614 273 2698 id,
300 2615 390 2705 quod
416 2615 550 2683 dicitur
567 2615 723 2701 Spiritus
741 2639 761 2679 α
778 2615 875 2681 Filio
900 2618 1054 2704 accipere
1076 2622 1112 2683 et
1136 2638 1210 2683 esse

31 2721 124 2785 sieut
143 2721 264 2786 Patris
285 2723 340 2786 ita
361 2722 455 2788 Filii
481 2722 650 2810 Spiritus,
679 2721 802 2788 Patres
827 2721 958 2790 diserte
982 2722 1148 2790 exhibent
1172 2727 1212 2789 ut

35 2827 278 2916 consignatam
302 2834 337 2896 et
362 2850 559 2918 expressam
582 2831 619 2894 in
646 2828 844 2917 Scripturis
868 2828 1103 2913 Athanasius,
1122 2830 1211 2896 Mar-

29 2936 143 3003 cellus
167 2937 230 3024 (1),
256 2936 430 3022 Hilarius,
458 2935 619 3025 Cyrillus
643 2936 1001 3025 Hierosolymitanus,
1028 2936 1207 3021 Basilius,

106 3097 147 3171 (1)
166 3103 317 3155 Marcellus
336 3101 507 3166 Ancyranus
526 3102 562 3154 ab
580 3100 698 3153 Arianis
717 3101 971 3154 vehementissime
990 3102 1154 3167 exagitatus
1181 3104 1211 3153 et

36 3190 253 3243 Sabellianismi
272 3195 433 3260 aecusatus,
455 3191 504 3244 ssd
524 3209 540 3243 a
558 3192 632 3243 Iulio
651 3193 665 3242 Ι
684 3190 836 3256 Pontifice,
858 3191 893 3242 ab
911 3190 1082 3257 Athanasio,
1105 3207 1121 3242 a
1140 3189 1210 3242 con-

35 3279 101 3332 cilio
115 3281 278 3334 Sardicensi
299 3283 416 3335 habitus
431 3281 606 3334 orthodoxus
626 3280 734 3333 mansit
753 3284 848 3332 tamen
862 3281 1022 3347 nonnullis,
1044 3285 1076 3334 ut
1088 3280 1209 3344 Basilio,

36 3377 194 3438 suspectus.
224 3371 361 3424 Eusebius
389 3372 420 3423 in
440 3371 570 3424 doctrina
597 3370 629 3421 de
654 3371 767 3436 Spiritu
787 3369 889 3422 Sancto
915 3371 1067 3422 manifeste
1085 3370 1210 3423 Arianus

35 3459 113 3531 (vide
132 3463 225 3514 'I'ract
246 3461 281 3512 de
301 3461 382 3515 Trln.
403 3460 448 3523 ed.
468 3463 507 3514 2.·
528 3478 556 3527 p.
577 3457 643 3530 490)
668 3459 861 3526 impugnando
883 3461 1048 3512 Marcellum
1072 3461 1211 3512 nonnulla

34 3553 68 3604 ab
87 3567 118 3603 eo
139 3551 216 3603 dicta
234 3551 323 3604 refert
340 3547 375 3624 (l.
394 3553 448 3605 III.
470 3567 492 3603 c.
510 3552 537 3602 4.
560 3545 594 3602 de
614 3550 720 3602 Eceles.
743 3545 922 3620 theologia).
948 3551 1119 3603 Rectissime
1137 3550 1210 3602 Mar·

36 3648 124 3699 callus
147 3646 188 3699 ibi
212 3648 428 3711 argumentatur
447 3645 585 3697 adversus
604 3643 742 3696 Asianum
760 3642 916 3696 Asterium.
945 3642 1069 3709 Spiritus
1090 3643 1211 3696 Sanctus
1310 3711 1314 3717 ³

36 3733 157 3806 (inquit)
183 3735 313 3802 procedit
332 3751 348 3787 a
366 3736 468 3800 Patre,
496 3737 526 3785 et
544 3733 652 3798 accipit
671 3749 687 3784 a
705 3732 799 3798 Filio,
828 3735 860 3783 ut
879 3731 1011 3784 christus
1037 3731 1099 3797 ipse
1120 3731 1211 3784 docet.

38 3825 168 3890 Accipere
187 3828 281 3877 autem
301 3841 317 3874 a
336 3823 414 3875 Filio
434 3823 508 3874 idem
524 3824 604 3875 valet
624 3838 656 3873 ac
672 3821 821 3886 procedere
839 3835 855 3871 a
874 3820 961 3874 Filio.
982 3822 1042 3872 Iam
1062 3835 1130 3872 vero
1149 3835 1211 3886 pro·

37 3917 125 3969 cessio
140 3916 254 3967 aPatre
274 3913 359 3965 simul
379 3917 408 3964 et
421 3928 438 3965 a
451 3913 528 3964 nino
548 3911 658 3976 concipi
673 3926 729 3961 non
743 3912 849 3975 posset,
872 3909 897 3961 si
912 3905 957 3982 (ut
969 3909 1103 3961 Asterius
1118 3904 1212 3980 docet)

38 4005 123 4057 Pater
134 4003 268 4057 etFilius
281 4005 378 4054 essent
392 4018 530 4068 personae
544 4000 654 4053 divisae
669 3999 792 4051 invicem
803 3996 860 4068 (leo
878 4003 1046 4068 διαιρουμενα
1060 3993 1210 4069 egerere),

37 4095 151 4148 naturis
170 4108 269 4158 nempe
290 4091 440 4144 distinctis
459 4107 491 4144 ae
510 4090 653 4155 diversis,
674 4103 734 4139 cum
759 4087 834 4139 enim
853 4088 996 4152 processio
1016 4087 1051 4138 ab
1071 4101 1127 4139 una
1148 4103 1211 4153 per·

38 4200 104 4238 sona
124 4199 194 4238 sane
214 4185 254 4236 sit
273 4182 409 4249 perfecta,
431 4182 463 4233 in
483 4182 537 4233 illa
556 4178 712 4246 hypothesi
729 4177 838 4230 Ariana
868 4179 919 4228 aut
945 4176 1109 4229 tritheitioa
1136 4177 1214 4228 nihil

38 4276 196 4328 remaneret
215 4288 352 4339 personae
367 4273 453 4324 alteri
470 4271 591 4337 divisae,
615 4284 668 4336 quo
689 4268 724 4320 ad
744 4266 951 4334 processionem
971 4265 1099 4332 Spiritus
1114 4265 1214 4318 Sancti

38 4365 219 4419 concurreret
238 4361 287 4434 (ct.
309 4377 396 4430 snpra
414 4379 442 4429 p.
461 4355 547 4431 164.).
561 4361 620 4413 Hoc
638 4360 732 4426 ipsum
751 4372 827 4423 ergo,
849 4354 923 4423 quod
943 4354 1071 4422 Spiritus
1089 4356 1213 4410 Sanctus
