3120 4988
696 258 734 274 ..
754 224 813 288 m
834 256 871 272 ..

201 343 304 418 esset,
330 341 365 406 et
388 335 472 426 quid
488 333 569 402 inde
584 334 701 422 frugis
725 333 768 400 ad
786 332 977 402 catholicae
990 332 1073 401 iidei
1089 331 1379 400 illustrationem

200 441 332 533 percipi
356 449 483 532 posset.
509 441 545 508 S.
576 440 726 508 Thomas
749 463 832 530 ergo
854 463 923 507 non
947 441 1091 508 criticae
1114 440 1291 510 sectionis
1317 438 1378 506 sed

202 550 418 638 theologicae
442 548 741 636 interpretationis
759 571 881 617 munus
898 551 934 616 in
951 573 987 616 se
1004 550 1210 640 suscipiens,
1229 550 1378 616 nomin-a

202 660 347 726 Petrum
372 657 496 748 quibus
514 655 673 744 singulos
690 661 809 723 textus
826 656 861 723 in
878 656 998 724 libello
1015 657 1208 724 attributos
1224 655 1374 745 reperit,

203 766 364 834 infidam
388 762 583 834 collectoris
606 765 806 853 assumpsit,
833 764 870 831 in
894 765 984 834 illud
1001 788 1107 833 unum
1131 766 1307 849 intentus,
1334 770 1378 832 ut

205 872 414 942 catholicum
439 871 714 940 testimoniorum
733 895 868 939 sensum
887 873 1157 942 demonstraret.
1176 871 1261 940 Sive
1282 871 1375 940 anim

178 989 180 992 ⁴
206 982 327 1049 borum
339 986 454 1049 essent
466 985 658 1063 auctorum,
671 980 797 1072 quibus
811 981 1103 1064 inscribebantur,
1116 981 1193 1049 sive
1205 981 1371 1064 aliorum,

207 1087 286 1157 inde
302 1110 409 1176 perse
424 1109 486 1156 nec
503 1109 623 1154 sensus
640 1089 822 1156 verborum
839 1111 900 1155 nec
916 1089 1020 1157 etiam
1035 1087 1190 1157 defensio
1208 1089 1375 1157 veritatis

208 1195 400 1268 catholicae
422 1196 606 1283 pendebat.
631 1194 679 1262 Et
702 1217 783 1262 sane
808 1195 942 1285 pridem
957 1199 1118 1264 novimus
1135 1201 1271 1278 textus,
1290 1182 1373 1288 quos

208 1303 402 1371 Photianus
425 1303 557 1387 obiicit,
584 1325 651 1370 non
674 1326 748 1370 esse
778 1303 988 1388 Athanasii,
1022 1305 1079 1371 cui
1103 1304 1139 1370 in
1163 1303 1288 1372 libello
1311 1303 1374 1371 tri-

211 1413 406 1480 buebantur
422 1410 484 1498 (l);
510 1417 550 1479 at
572 1420 656 1479 sunt
678 1410 868 1479 Athanasii
904 1409 1103 1480 testimonia
1125 1412 1282 1500 plurima
1306 1412 1373 1480 sin·

211 1541 289 1588 cera
311 1526 348 1587 et
371 1542 412 1586 ex
438 1518 493 1586 his
515 1541 583 1586 non
608 1541 719 1608 pauca
749 1520 854 1587 etiam
883 1520 921 1586 in
945 1520 1060 1587 eodem
1094 1518 1217 1587 libello
1240 1520 1371 1602 citata,

212 1627 338 1720 quibus
362 1625 537 1694 catholica
559 1648 588 1696 s.
613 1626 765 1695 doctoris
789 1627 1020 1695 Alexandrini
1045 1628 1226 1695 sententia
1242 1627 1286 1694 de
1302 1647 1375 1714 pro·

212 1733 364 1804 cessione
389 1732 547 1821 Spiritus
572 1732 692 1803 Sancti
716 1755 737 1802 a
759 1736 864 1803 Patre
880 1740 916 1803 at
937 1725 1032 1802 Filio
1047 1732 1247 1803 luculenter
1265 1733 1375 1802 decla-

216 1848 331 1927 ratur,
357 1851 398 1910 ut
422 1842 458 1907 in
474 1847 592 1910 nostro
610 1843 779 1910 Tractatu
795 1843 836 1910 de
853 1842 1031 1911 Trinitate
1048 1843 1375 1912 demonstravimus.

214 1949 396 2018 Absurdaa
418 1949 611 2018 calumnias
634 1949 783 2035 Oudini,
809 1973 895 2042 quas
918 1949 1093 2020 Macarius
1118 1974 1196 2020 cum
1221 1950 1297 2018 suis
1321 1972 1379 2018 an·

215 2057 446 2128 tecessoribus
472 2058 622 2146 repetit,
660 2058 740 2127 vide
775 2060 974 2128 confutatae
1004 2059 1041 2126 in
1072 2059 1380 2127 dissertationibus

164 2248 166 2252 ⁸
216 2166 352 2236 criticis
374 2164 515 2234 Ioannis
537 2165 709 2234 Bernardi
733 2167 775 2234 de
798 2166 930 2235 Rubeis
952 2167 1093 2236 dissert.
1112 2168 1157 2237 V.
1177 2191 1207 2236 c.
1226 2167 1260 2236 4.
1281 2192 1316 2235 n.
1335 2166 1378 2254 ὃς

217 2273 358 2342 dissert.
384 2271 482 2339 XIX.
503 2294 533 2339 c.
551 2271 585 2340 2.
604 2272 654 2341 De
676 2270 742 2339 illa
771 2272 1049 2340 testimoniorum
1079 2272 1284 2342 collectione
1307 2295 1382 2342 con·

131 2397 136 2405 ¹
218 2380 399 2450 tenatiam
422 2380 946 2470 LaquieninPraefat.ad0pp.
963 2405 990 2449 s.
1007 2380 1275 2450 Io.Damaeceni
1290 2406 1322 2472 p.
1336 2380 1380 2450 X.

285 2485 337 2554 3¹⁰.
363 2485 507 2555 Praeter
523 2493 643 2555 textus
666 2488 753 2556 istos
776 2488 874 2556 modo
890 2489 1070 2572 recitatos,
1089 2511 1175 2579 quos
1191 2487 1283 2557 dicit
1307 2511 1383 2577 sup·

220 2594 408 2686 posititios,
434 2594 609 2685 Macarius
632 2595 771 2666 inducit
795 2597 997 2665 testimonia
1019 2599 1180 2683 Petrum,
1206 2619 1296 2690 qnae
1321 2598 1385 2666 cri·

138 2742 140 2746 Α
223 2704 377 2772 minatur
401 2724 422 2769 a
443 2702 583 2770 Latinis
605 2703 714 2772 fuisse
738 2709 915 2792 corrupta3
934 2727 971 2772 re
987 2711 1102 2792 tamen
1127 2725 1211 2772 vera
1237 2704 1385 2793 plerum·

217 2834 289 2903 ,que
323 2833 390 2879 non
421 2809 520 2878 aliud
543 2811 593 2879 ibi
628 2812 717 2880 latet
749 2814 977 2901 mysterium,
1004 2811 1074 2880 nisi
1099 2812 1190 2903 quod
1225 2810 1388 2880 nonnulli

188 2937 196 2963 ·
225 2920 412 3009 scriptores
435 2919 576 2988 citando
598 2919 743 2987 Patrum
774 2919 850 2988 loca
872 2941 940 2987 non
968 2925 1040 2986 tam
1063 2921 1170 2988 verbe
1193 2919 1387 2988 describere

227 3053 328 3122 quam
351 3029 542 3120 genuinum
566 3051 704 3096 sensum
728 3021 858 3097 clarius
881 3028 1073 3116 exprimere
1095 3027 1314 3115 propositum
1330 3025 1388 3094 ha·

227 3139 362 3206 babent.
390 3136 486 3218 Quae
510 3137 541 3203 si
565 3135 702 3204 fraudis
717 3140 937 3220 accusentur,
957 3135 1084 3204 Gracci
1099 3156 1139 3203 ac
1154 3133 1265 3202 Russi
1280 3135 1387 3223 ipsam

228 3246 421 3314 versionem
445 3245 708 3335 Scripturarum
732 3268 801 3334 qua
824 3249 986 3329 utuntur,
1004 3245 1108 3334 plane
1123 3242 1305 3312 habebunt
1326 3241 1389 3310 hu-

228 3352 377 3423 iusmodi
401 3354 587 3421 fraudibus
610 3355 787 3422 refertam.

295 3466 331 3551 a)
355 3462 422 3530 Hic
445 3461 615 3550 imprimis
640 3461 752 3552 quoad
775 3481 962 3529 sermonem
979 3459 1144 3550 Gregorii
1160 3458 1317 3548 Nysseni
1340 3457 1388 3543 (in

229 3578 317 3641 orat.
355 3571 559 3656 dominic),
595 3569 656 3638 ubi
689 3567 844 3658 Spiritus
879 3566 1029 3636 Sanctus
1064 3567 1196 3637 dicitur
1219 3590 1263 3636 ex
1287 3567 1389 3636 Patre

299 3791 341 3869 (1)
358 3795 499 3850 Macarius
520 3795 604 3847 simul
615 3809 680 3847 cum
695 3810 718 3847 s.
733 3793 840 3847 'thoma
853 3794 968 3845 accurat
981 3792 1068 3845 etiam
1080 3790 1288 3844 Bellarminum
1302 3791 1391 3844 falsae

231 3888 392 3954 citationis;
408 3887 457 3941 sed
476 3887 669 3939 Bellarminus
681 3881 735 3958 (De
755 3885 870 3938 Christo
890 3885 909 3937 l.
926 3885 966 3936 II.
982 3899 1006 3936 c.
1018 3879 1272 3956 28)testirnonium
1298 3897 1327 3934 se
1353 3880 1389 3934 al·

231 3980 307 4032 ferre
327 3977 407 4045 dicit,
424 3981 457 4030 ut
475 3979 520 4029 est
539 3976 614 4042 apud
635 3992 658 4029 s.
675 3977 819 4028 Thomam.
835 3975 940 4041 Nempe
954 3975 1029 4026 sicut
1044 3989 1066 4026 s.
1081 3973 1213 4038 Thomas,
1228 3972 1272 4024 ita
1285 3971 1388 4024 Beller-

232 4072 327 4122 minus
347 4069 443 4121 etalii
457 4067 639 4134 Scholastici,
654 4067 704 4134 qui
719 4065 793 4118 illud
808 4064 1031 4130 descripserunt,
1048 4062 1162 4115 tandem
1178 4078 1229 4115 uos
1243 4061 1391 4114 remittunt
1450 4095 1453 4100 -

234 4159 269 4212 ad
288 4158 370 4211 fidem
383 4159 476 4226 illius,
492 4160 542 4227 qni
556 4159 722 4210 testimonia
734 4158 855 4210 collecta
867 4154 981 4209 Urbano
993 4155 1044 4208 IV.
1061 4155 1214 4207 obtulerat.
1226 4149 1389 4206 Huiusmodi
1414 4194 1453 4201 -

234 4266 302 4306 vero
321 4250 521 4310 collectoribus
541 4265 623 4316 quam
642 4262 761 4317 pronum
781 4247 822 4301 sit
844 4249 875 4300 in
895 4245 1058 4298 nominibus
1079 4261 1173 4299 errare
1201 4241 1453 4298 transiliendo-

237 4345 272 4398 eb
290 4357 346 4398 uno
366 4340 401 4395 ed
420 4340 510 4409 alind,
524 4344 637 4394 constat
655 4354 689 4393 ex
709 4338 751 4391 sic
769 4337 856 4392 dictis
875 4335 991 4391 Catenis
1009 4337 1136 4390 Petrum.
