3120 4988
591 351 629 365 ..
649 318 688 380 37
709 349 746 364 ..

86 423 213 492 relatio
227 423 378 512 originis
391 444 556 514 personae
572 424 697 492 missae
713 422 757 490 ad
773 421 979 505 mittentem,
992 442 1053 489 seu
1070 419 1160 510 quod
1178 441 1261 508 per-
1352 422 1354 426 ’

89 531 170 600 inde
194 537 261 615 est,
281 538 423 599 aeterna
446 531 709 599 communicatio
726 532 908 613 essentiae,
928 527 1078 612 consilii,
1098 528 1259 596 volunta·
1296 531 1300 539 ’

87 637 148 723 tis,
167 639 382 727 operationis
406 661 427 705 a
443 639 605 707 mittente
629 638 666 705 in
682 659 864 728 personam
887 637 1028 711 missam
1044 656 1128 725 prae
1145 634 1262 702 oculis

88 746 263 816 habeatur
287 769 424 815 necesse
447 752 513 832 est,
532 753 607 815 tum
632 747 738 814 simul
752 750 929 836 spectetur
952 766 1118 835 personae
1135 744 1261 811 missae

89 861 270 946 tamquam
295 857 337 922 ab
373 857 487 925 altera
510 856 730 945 procedentis
765 854 1006 924 manifestatio
1029 877 1090 944 per
1113 854 1261 920 effectus

89 964 379 1053 supernaturales
405 964 480 1033 sive
505 963 664 1032 visibiles
689 967 763 1032 sive
788 963 988 1031 invisibiles
1021 962 1057 1029 in
1087 967 1258 1043 creatura,

91 1071 154 1161 qui
178 1071 264 1140 licet
288 1072 361 1140 sint
383 1070 669 1151 communestoti
695 1071 879 1155 Trinitati,
903 1066 1133 1136 nihilominus
1157 1088 1262 1147 unam

89 1201 274 1268 personam
299 1201 385 1270 quae
402 1179 535 1247 dicitur
558 1181 707 1260 mittere,
725 1177 891 1245 exhibent
913 1180 956 1243 ut
969 1173 1192 1265 principium,
1212 1173 1271 1241 al-'

90 1293 204 1355 teram
229 1309 316 1378 quae
339 1288 382 1354 ab
406 1310 447 1355 ea
470 1290 639 1369 mittitur,
656 1292 699 1355 ut
722 1287 764 1354 ab
785 1288 902 1355 eadem
926 1286 1179 1376 procedentem.
1197 1284 1264 1352 His

90 1393 187 1462 enim
211 1394 357 1479 duobus,
376 1402 517 1463 aeterna
541 1395 711 1464 relatione
736 1394 884 1484 originis
909 1391 955 1460 od
977 1396 1074 1459 intra
1086 1442 1096 1476 ,
1121 1399 1156 1460 et
1179 1397 1263 1460 tem·
1283 1453 1285 1456 .

91 1501 209 1592 porali
232 1500 418 1569 efficientia
442 1501 487 1570 ad
512 1516 613 1568 estro
636 1503 734 1569 illam
759 1503 1019 1586 manifestante,
1039 1523 1124 1570 vera
1147 1523 1187 1568 ac
1212 1499 1264 1566 in·

91 1614 197 1697 tegre
221 1608 317 1676 notio
341 1612 513 1676 missionis
529 1633 694 1701 personae
718 1611 905 1679 secundum
926 1611 1081 1679 divinam
1099 1615 1263 1676 naturam

52 1712 56 1720 ’
92 1721 273 1806 spectatae
307 1717 539 1785 constituitur
578 1740 618 1785 eo
655 1718 859 1807 completur.
898 1718 989 1786 Vide
1028 1717 1159 1785 Theses
1204 1738 1266 1784 no-

94 1828 189 1891 stras
214 1823 388 1903 XXXIII.
405 1847 440 1891 n.
461 1824 510 1891 11.
530 1831 565 1892 et
588 1824 663 1892 XL.

161 1930 197 1996 3⁰
220 1901 408 2021 Reliduum
433 1936 498 2014 est,
518 1937 558 1998 ut
581 1930 738 1998 dicamus
761 1931 802 1999 de
826 1931 1004 2016 Patribus,
1025 1932 1068 2001 ad
1092 1953 1177 2022 quos
1192 1929 1265 1998 Ma·

96 2038 214 2108 carius
238 2040 282 2106 ad
307 2038 577 2107 commentitiam
601 2061 697 2106 suam
722 2039 897 2107 notionem
920 2038 961 2107 de
985 2038 1149 2108 missione
1173 2038 1265 2108 divi·

96 2169 224 2215 narum
248 2169 474 2236 personarum
498 2147 711 2215 fulciendam
739 2147 908 2237 appellat.

163 2259 200 2341 a)
224 2254 367 2322 Inducit
389 2255 686 2343 Chrysostomum‚
706 2256 767 2346 qui
791 2254 921 2322 dixerit
945 2276 1014 2322 non
1037 2253 1130 2323 mitti
1156 2252 1266 2344 Spiri-

94 2369 170 2432 tum
196 2362 364 2431 Sanetum
388 2363 575 2430 secundum
593 2363 829 2446 divinitatem,
849 2363 908 2430 sed
921 2363 1161 2436 tantummodo
1177 2363 1267 2431 dona

96 2473 256 2563 Spiritus
281 2471 402 2540 Sancti
426 2471 488 2559 (1).
518 2472 569 2538 At
592 2472 629 2538 in
652 2472 775 2562 primis
806 2470 949 2540 homilia
973 2472 1038 2539 illa
1062 2473 1103 2542 de
1128 2472 1267 2562 Spiritu

96 2581 226 2650 Sancto
250 2581 308 2669 (Τ.
324 2581 392 2648 ΠΙ.
411 2555 447 2669 p}
466 2580 530 2647 797
554 2584 646 2649 inter
670 2581 834 2670 spurias),
854 2603 894 2648 ex
920 2602 989 2672 qua
1013 2580 1145 2650 dictum
1170 2581 1266 2650 istud

97 2688 395 2774 desumitur„non
411 2696 465 2756 est
480 2687 722 2776 Chrysostomi
739 2688 798 2756 sed
816 2688 930 2776 ignoti
948 2689 1116 2760 auctoris.
1134 2690 1267 2758 Deinde

97 2796 192 2865 haud
217 2818 330 2886 pauca
353 2797 389 2863 in
412 2819 452 2864 ea
474 2796 644 2886 leguntur
666 2797 708 2866 de
732 2796 871 2888 Spiritu
906 2795 1034 2867 Sancto
1065 2799 1121 2868 sin
1150 2798 1269 2868 minus

166 2993 210 3068 (1)
231 3016 244 3043 a
265 2996 297 3050 si
316 2996 441 3049 audieris
470 2997 618 3064 dicentem,
644 2998 755 3052 mittem
780 2998 865 3051 vobis
898 2997 1037 3063 Spiritum
1060 2994 1204 3061 Sanctum,
1230 3009 1265 3048 ne

99 3086 250 3141 secundum
270 3086 455 3141 divinitatem
474 3088 606 3155 accipias,
624 3090 697 3140 Deus
716 3090 791 3142 enim
810 3103 865 3141 non
885 3088 1023 3142 mittitur.
1048 3087 1169 3141 Nomina
1197 3089 1264 3138 sunt

99 3178 167 3232 haec
186 3177 382 3244 operationem
401 3175 559 3248 (ἑνεργειαν)
579 3179 775 3244 significantia
778 3216 833 3233 .....
847 3178 930 3231 Oerts
954 3178 1086 3245 quisquis
1109 3177 1211 3243 mittit,
1233 3176 1263 3227 in

101 3269 159 3321 ilia
179 3270 275 3322 mittit
289 3269 360 3334 loca,
376 3270 407 3320 in
423 3268 526 3335 quibus
545 3268 620 3340 (ipse
640 3263 772 3338 mittens)
792 3285 848 3322 non
868 3275 946 3322 est...
964 3268 1040 3332 Quod
1062 3269 1087 3320 si
1107 3271 1182 3320 Deus
1208 3266 1270 3318 ubi·

103 3372 154 3423 qus
173 3360 231 3424 est,
246 3350 368 3424 quonam
388 3357 481 3424 igitur
501 3358 603 3424 mittit,
618 3360 668 3425 qui
687 3359 791 3426 ubique
811 3361 903 3413 esti...
920 3359 1059 3422 Quorsum
1078 3357 1169 3423 igitur
1193 3358 1268 3409 Deus

104 3450 209 3503 nittitt
223 3449 268 3503 An
288 3449 363 3501 forte
382 3450 444 3516 ipse
463 3449 576 3517 quidem
595 3450 699 3516 ubique
719 3453 773 3516 est,
785 3461 787 3463 ’
799 3451 825 3503 is
844 3454 939 3504 autem
970 3451 1021 3516 qui
1051 3451 1189 3515 mittitur,
1213 3460 1270 3499 non

103 3540 255 3608 uhiqnei...
265 3540 374 3592 Rursus
388 3540 413 3592 si
430 3540 535 3592 mansit
548 3541 700 3607 supre,qui
713 3539 794 3593 misit
804 3535 945 3612 (Filium),
961 3544 991 3592 et
1004 3541 1082 3593 inira
1099 3542 1148 3606 qui
1164 3539 1269 3591 missus

104 3634 154 3697 est,
172 3629 310 3697 quomodo
330 3630 452 3683 dicebat:
469 3634 497 3682 et
516 3630 566 3697 qui
586 3631 667 3682 misit
686 3646 738 3697 ms,
760 3645 864 3685 mecum
883 3633 975 3683 esti...
991 3632 1086 3695 Igitur
1106 3645 1165 3683 cum
1185 3628 1267 3696 dicit,

104 3721 185 3774 mitto
205 3721 289 3775 vobis
308 3720 445 3788 Spiritum
465 3721 607 3788 Sanctum,
620 3721 672 3773 hoc
691 3725 735 3773 est
755 3721 856 3774 donum
875 3722 1011 3788 Spiritus.
1032 3723 1069 3774 ut
1091 3725 1123 3772 ut
1136 3720 1268 3787 discatis,

109 3810 208 3864 donum
228 3813 319 3878 mitti,
340 3811 474 3864 Salvator
493 3812 564 3864 dicit
582 3812 739 3878 Apostolis,
754 3817 865 3866 manete
886 3815 916 3865 in
936 3814 1110 3881 Ierusalemp
1127 3813 1214 3867 donec
1227 3815 1270 3866 in-

106 3899 230 3954 duamini
261 3901 372 3954 virtute
392 3917 426 3952 ex
446 3903 539 3956 alto...
554 3902 621 3954 Alia
641 3905 685 3954 est
704 3903 797 3956 virtus
817 3919 889 3970 queo
908 3903 1079 3967 conceditur,
1097 3907 1126 3956 et
1138 3907 1214 3957 alins
1228 3907 1273 3956 est

109 3989 234 4057 Spiritus
254 3991 304 4057 qui
323 3990 606 4056 concedit....lgitur
626 3996 656 4044 tu
676 4007 731 4045 non
751 3997 831 4060 potes
858 3993 1007 4047 ostendere
1037 3996 1174 4062 Spiritum
1203 3996 1270 4049 San·

107 4084 177 4135 utum
188 4083 306 4134 missum
321 4098 338 4133 a
350 4096 420 4148 pura
434 4082 564 4136 deitate»
581 4081 761 4153 (πεμπομενον
782 4106 811 4135 ro
832 4103 936 4153 πιευμα
956 4105 983 4136 το
1004 4085 1080 4156 α’γιον
1101 4086 1151 4138 o‘rro
1166 4106 1269 4157 γυμνης
1303 4146 1304 4149 ¹

109 4189 150 4232 της
171 4170 301 4232 iseram
316 4173 337 4222 i.
352 4187 376 4223 o.
392 4188 408 4223 a
426 4173 509 4224 Patro
529 4176 558 4224 et
576 4171 663 4238 Filio,
679 4187 761 4237 quem
775 4173 914 4226 haeretici
932 4173 986 4226 isti
1000 4173 1171 4228 Samiariani
1185 4177 1271 4228 Deum

109 4258 273 4327 latabantur
290 4266 431 4326 'negantes
461 4261 644 4320 divinitatem
673 4261 800 4328 Spiritus
830 4258 951 4336 Sancti.)
969 4265 1014 4317 Ibi
1041 4282 1069 4318 n.
1096 4264 1272 4318 10.11.1tis

111 4352 302 4405 subiiciuntur
319 4351 454 4404 continuo
472 4368 513 4418 ea,
530 4368 600 4419 qnae
620 4353 709 4405 citavi
728 4350 772 4425 (in
792 4355 926 4406 Tractatn
939 4354 1009 4407 edit.
1024 4358 1050 4408 2.
1065 4372 1092 4422 p.
1107 4355 1169 4407 476.
1191 4347 1272 4425 uoto)

113 4438 140 4493 le
158 4442 300 4496 missione
317 4440 388 4493 ltilit
407 4441 557 4495 secundnm
576 4457 699 4512 earnem,
714 4445 856 4498 attribute
875 4443 957 4498 Patri
970 4451 1000 4500 et
1013 4446 1136 4515 Spiritui
1156 4445 1270 4502 Sancto.
