3120 4988
715 293 753 311 -
772 261 837 327 204
853 295 897 307 -

217 370 331 433 tamen
347 364 421 454 ipse
441 387 580 433 sensum
604 364 714 432 alium
739 363 970 432 substitueret
993 361 1036 431 ad
1060 360 1292 431 assertionem
1311 380 1401 427 suae

214 472 396 541 haereseos
419 473 520 541 etad
545 473 803 540 damnationem
827 470 1007 541 doctrinae
1027 469 1221 539 catholicae
1247 467 1292 536 de
1318 488 1397 558 pro·

215 581 368 650 cessione
392 579 548 669 Spiritus
572 580 694 648 Sancti
718 605 739 647 a
761 581 868 647 Patre
891 584 927 647 et
950 579 1045 646 Filio
1069 578 1131 666 (1).

274 690 382 756 Porro
395 710 482 780 quae
495 689 550 757 die
563 688 595 755 3⁶
608 689 731 756 Martii
744 688 821 756 880.
835 687 872 755 in
885 687 956 756 ista
970 685 1244 776 congregatione
1258 682 1394 774 viginti

217 885 288 938 riam
307 885 339 936 in
358 885 446 937 Deum
471 889 500 937 et
519 884 636 951 impiam
663 882 747 936 etad
766 885 922 936 extremum
942 897 1031 949 usque
1050 880 1323 950 praevaricatricem
1350 879 1391 933 di·

217 976 272 1042 xit,
290 975 401 1042 quaudo
416 989 483 1028 vero
496 976 618 1026 Ioannes
632 975 709 1040 Papa
720 972 779 1025 eius
790 972 962 1025 exaltationi
973 973 1004 1023 in
1019 973 1152 1025 thronum
1167 970 1392 1037 patriarchalem

217 1066 372 1133 consensit,
383 1064 500 1118 eandem
519 1064 674 1116 Ecclesiam
684 1063 866 1130 praedicavit
884 1067 1011 1117 sanctam
1030 1066 1059 1115 et
1078 1063 1199 1128 pietatis
1211 1061 1389 1126 magistram:

218 1157 368 1220 propterea
387 1155 471 1207 velut
489 1154 649 1220 apologiam
669 1153 746 1219 pacis
766 1168 827 1204 cum
837 1153 944 1204 Ioanne
955 1153 1032 1217 Papa
1047 1151 1138 1203 initae
1152 1148 1296 1216 obtendit,
1310 1149 1390 1203 iilum

216 1243 374 1309 suscepisse
395 1243 555 1308 symbolum
574 1241 640 1295 fidei
659 1258 710 1308 per
729 1258 795 1295 suos
816 1243 949 1309 vicarios,
967 1248 1052 1308 atque
1072 1245 1164 1294 mente
1184 1243 1214 1292 et
1232 1241 1337 1304 lingua
1363 1242 1391 1292 et

217 1335 306 1387 saorla
326 1334 457 1386 manibus
477 1334 596 1386 istorum
614 1332 775 1385 illustrium
795 1336 824 1384 et
843 1331 1083 1386 admIraudorum.
1095 1332 1222 1385 virerum
1237 1329 1314 1382 illud
1328 1330 1392 1383 sub·

215 1424 366 1490 scripsisse
386 1439 418 1475 ac
431 1423 597 1488 obsignasse
613 1443 625 1470 n
639 1423 736 1475 Graec.
754 1422 868 1477 orthod.
884 1424 922 1475 11.
937 1439 966 1489 p.
977 1423 1037 1476 139.
1053 1421 1114 1474 140.
1135 1422 1211 1474 Haec
1238 1420 1329 1474 verba
1344 1435 1391 1487 po-

216 1516 322 1566 strema
342 1513 502 1579 desumpsit
519 1513 623 1566 Beecus
643 1529 678 1565 ex
691 1512 789 1566 Photii
803 1510 984 1578 Mys'tagogia
998 1527 1027 1565 u.
1041 1513 1086 1565 89.

288 1598 330 1674 (1)
349 1602 392 1655 Ad
412 1602 529 1654 eundem
549 1603 635 1662 etiam
654 1603 738 1654 finem
757 1602 930 1655 conciliandi
955 1601 1210 1656 contradictionem
1239 1601 1272 1654 in
1299 1601 1399 1667 gestis

214 1692 312 1745 Photii
326 1693 361 1746 ab
375 1693 438 1760 ipso
457 1694 504 1746 vel
525 1693 559 1746 ab
579 1693 675 1759 aliquo
695 1694 757 1745 eius
778 1696 917 1745 sectatore
937 1692 1113 1759 postmodum
1133 1690 1254 1745 conficta
1274 1697 1322 1746 est
1340 1692 1418 1746 illa.

216 1782 340 1849 epletola
359 1783 477 1834 Ioannis
497 1783 576 1848 VIII,
593 1783 674 1835 cuius
687 1783 816 1849 superius
828 1782 1015 1848 meminImus,
1034 1783 1116 1848 quasi
1127 1781 1264 1834 Pontifex
1278 1782 1448 1835 eiurat*

215 1888 267 1926 sua
287 1875 315 1924 et
336 1872 512 1926 decessorum
532 1888 644 1925 suorum
664 1872 796 1925 doctriua
824 1873 967 1927 catholica
994 1873 1028 1925 de
1055 1873 1237 1939 precessione
1263 1871 1484 1939 spirim&

219 1962 327 2028 Sancti,
343 1961 458 2014 tandem
478 1962 620 2016 haeresIm
639 1963 809 2015 Photianam
829 1964 976 2029 amplexus
995 1966 1081 2016 esset.

285 2052 319 2103 Ιιι
341 2052 439 2107 alibro
455 2051 557 2104 diurno
571 2052 760 2105 Romanorum
773 2052 941 2105 Pontificum
954 2073 966 2100 n
981 2053 1167 2105 continentur
1178 2055 1240 2105 tres
1252 2051 1530 2106 formulae

215 2141 405 2207 professiouIs
424 2140 499 2204 fidei,
522 2156 605 2206 quam
624 2143 776 2194 Pontifices
797 2144 828 2194 iu
848 2156 899 2194 sua
917 2142 1129 2195 consecratione
1149 2140 1232 2193 edere
1248 2142 1487 2194 salaberta-
1528 2168 1534 2181 ·

215 2230 333 2283 Tamtu
352 2231 473 2284 secunda
499 2246 581 2298 quam
605 2232 636 2283 in
662 2234 751 2289 tertia
774 2232 915 2299 formula,
937 2247 1055 2299 quarum
1078 2233 1132 2284 illa
1157 2232 1217 2285 tere
1237 2233 1453 2297 sexaginta
1468 2233 1542 2271 Ε

215 2321 310 2387 aunis,
330 2321 399 2372 haec
418 2321 476 2372 iere
496 2321 608 2386 integro
628 2323 739 2374 saeculo
759 2327 829 2387 ante
845 2323 962 2376 Ioannis
975 2323 1045 2376 VIII
1057 2322 1259 2375 Pontificatum
1273 2322 1412 2376 induet:
1449 2350 1474 2361 -
1507 2321 1546 2356 ἢ

215 2415 285 2476 erat,
308 2410 513 2478 profitebantur
525 2412 676 2465 Pontifices
691 2413 837 2479 explicite,
853 2413 1004 2466 articulum
1017 2412 1050 2465 de
1064 2414 1246 2479 processione
1260 2411 1378 2480 Spiritu
1449 2446 1478 2454 ο
1534 2405 1548 2443 ⁸

214 2503 323 2571 Sancti,
336 2506 433 2570 prouti
447 2504 504 2557 iam
519 2504 568 2555 diu
581 2507 667 2557 antea
682 2522 699 2556 a
714 2521 737 2556 s.
751 2503 886 2569 Gregorio
901 2505 924 2555 1.
944 2503 976 2554 in
990 2519 1041 2555 sua
1055 2503 1271 2556 consecratione
1284 2496 1548 2557 rasum-:³¹¹

216 2596 279 2646 erat
297 2591 396 2662 (supra
414 2590 590 2665 p.106.).1n
611 2594 699 2646 tertia
719 2592 810 2666 (edIta
829 2580 906 2647 iuter
926 2609 1029 2646 anuum
1048 2593 1099 2646 681
1119 2590 1231 2662 otest)
1251 2593 1378 2649 habetur
1427 2592 1524 2616 ῤ’
1544 2581 1550 2594 ’

218 2682 391 2737 «Gradiuus
411 2685 442 2736 iu
461 2700 545 2736 unum
564 2687 652 2737 Deum
655 2722 707 2738 .....
724 2686 863 2751 Spiritum
883 2701 948 2739 vero
968 2685 1101 2739 Sanctum
1121 2700 1172 2738 nec
1191 2684 1325 2750 geultum
1345 2703 1381 2740 ne
1399 2671 1556 2729 θα

213 2773 393 2840 ingenitum,
414 2773 463 2825 sed
483 2773 516 2825 de
536 2775 623 2827 Patre
646 2775 780 2841 Filioque
799 2768 1034 2841 procedentemn
1064 2777 1098 2827 In
1117 2775 1242 2829 formula
1269 2778 1426 2830 secunda
1541 2759 1556 2794 ³

212 2859 306 2936 (edita
324 2864 514 2930 probabiliter
533 2879 607 2917 anne
627 2864 692 2933 714)
712 2869 777 2930 post
795 2867 1039 2918 commemoratum
1057 2864 1214 2917 concilium
1234 2847 1555 2921 Nicaeum&

215 2957 244 3008 et
263 2956 646 3023 constantinopolitanum.
661 2959 812 3010 Pontifices
832 2957 1030 3011 declarabant:
1054 2960 1131 3011 ePer
1150 2957 1218 3011 haec
1237 2958 1295 3012 duo
1316 2960 1507 3014 sacr?
1541 2935 1557 2973 ⁸

214 3045 343 3099 Ooncilia
362 3051 488 3100 sanctam
516 3051 545 3100 at
571 3049 794 3114 inseparabilem
820 3048 1010 3116 Trinitatem,
1031 3064 1116 3101 unum
1142 3048 1229 3100 Deum
1249 3025 1553 3123 unamqu‘0

214 3135 369 3188 Trinitatis
389 3137 470 3189 subet
459 3137 580 3190 tantiam
601 3154 661 3190 esse
682 3139 874 3202 cognoscimus
878 3175 932 3193 .....
944 3137 1008 3191 dum
1028 3138 1062 3190 de
1081 3139 1167 3192 Patre
1186 3136 1285 3191 uilius
1303 3138 1513 3194 scats

214 3226 321 3279 naliter
340 3203 479 3293 uescitur,
501 3227 627 3293 Spiritus
646 3227 767 3280 Sanctus
788 3227 822 3279 de
841 3229 894 3280 Pat
882 3231 926 3280 tre
946 3227 1097 3294 procedere
1111 3228 1307 3296 confirmatur,
1322 3247 1388 3284 eum
1409 3228 1512 3261 s

215 3315 275 3368 dem
295 3315 347 3366 Dei
367 3315 461 3368 Filius
481 3315 515 3368 de
530 3331 581 3368 suo
595 3317 720 3382 accipere
740 3318 883 3382 perhibet,
901 3318 951 3369 et
942 3333 972 3369 ιιι
987 3317 1099 3369 nomine
1114 3333 1163 3370 suo
1179 3319 1260 3370 mitti
1275 3336 1292 3372 a
1300 3270 1547 3375 Patrae

214 3405 354 3470 Spiritum
373 3380 505 3458 Sanctum
524 3406 703 3472 manifestat,
717 3410 746 3458 et
764 3406 932 3458 insufflando
948 3406 1109 3474 discipulis,
1126 3383 1545 3476 aecipitespirltaal'

213 3498 354 3558 Sanctum,
377 3499 477 3562 utpote
497 3495 530 3547 de
552 3511 580 3548 se
600 3496 796 3564 procedentem
815 3496 864 3571 (ct.
888 3513 1021 3564 suprap.
1042 3497 1076 3548 63
1097 3492 1176 3565 sqq)
1195 3496 1373 3555 adnuntiat.
1384 3477 1540 3550 μ’

212 3584 400 3638 Concluditur.
417 3600 485 3638 vero
504 3588 567 3638 tota
585 3587 726 3651 professio
746 3587 824 3639 hisce
844 3587 957 3640 verbis:
989 3605 1002 3632 a
1022 3585 1103 3638 Unde
1123 3588 1152 3637 et
1171 3583 1305 3640 districti
1328 3573 1540 3644 anas

213 3676 351 3728 thematis
366 3673 567 3727 interdictioni
582 3675 754 3741 subiieimus,
770 3675 795 3727 si
810 3676 874 3742 quis
888 3691 1028 3742 umquam,
1039 3691 1087 3728 seu
1099 3690 1161 3742 nos,
1171 3676 1235 3729 sive
1247 3681 1387 3734 estalius
1398 3706 1445 3743 ι
1476 3676 1537 3707 ⁴

214 3766 262 3831 qni
282 3779 385 3816 novum
399 3764 509 3830 aliquid
524 3770 686 3831 praesumat
700 3768 800 3816 contra
815 3764 977 3817 huiusmodi
992 3765 1187 3831 evangelicam
1201 3744 1538 3822 traditiones)

214 3859 243 3908 et
261 3855 437 3908 orthodoxae
448 3855 515 3906 fidei
530 3857 764 3921 christianaeque
780 3857 930 3922 religionis
944 3838 1154 3923 iutegritatem,
1170 3857 1218 3910 vel
1232 3837 1536 3926 quidquaw)

212 3946 387 3998 contrarium
407 3947 568 4014 immutare,
590 3949 652 4000 sive
674 3947 841 4000 subtrahere
861 3946 895 3999 de
913 3946 1084 4011 integritate
1104 3946 1172 3999 fidel
1190 3951 1310 4000 uestrae
1334 3954 1387 4003 teu
1404 3938 1535 3982 f

213 4037 332 4104 taverit,
344 4039 390 4089 vel
404 4053 472 4089 ausu
492 4039 640 4103 sacrilego,
653 4038 705 4089 hoc
718 4038 967 4104 praesumentibus
981 4037 1188 4091 consentire...
1203 4018 1533 4093 Praesentstfl‘

212 4132 327 4179 nostrae
347 4128 535 4192 professionis
554 4129 686 4193 paginam
708 4142 758 4193 per
778 4127 826 4181 Ill.
846 4123 881 4195 (i.
895 4142 919 4178 e.
933 4124 982 4196 N.)
1002 4127 1144 4180 notarium
1164 4126 1313 4195 scriptam,
1330 4109 1530 4182 cura,

213 4222 329 4269 uestrae
349 4232 447 4269 manus
468 4218 700 4285 subscriptione,
722 4232 812 4268 coram
841 4215 968 4268 omuibus
992 4218 1125 4270 relectam
1150 4217 1182 4268 iu
1207 4200 1528 4273 confession&

214 4306 292 4360 beati
318 4306 399 4358 Petri
425 4308 624 4374 Apostolorum
650 4307 793 4374 priupris
821 4305 1031 4373 deposuimus»
1060 4311 1114 4360 etc.
1139 4303 1256 4378 (migne
1274 4307 1309 4360 Τ.
1331 4302 1400 4366 ΟΥ
1420 4313 1523 4352 f

214 4414 243 4465 p.
262 4390 382 4467 47-57).
