3158 4980
689 319 733 330 —
749 284 813 349 288
829 319 873 332 -

199 395 293 464 xisse
316 417 337 462 a
359 395 529 466 revelatis
544 396 777 486 dogmatibus,
795 417 938 487 samque
962 395 1127 464 hahuisse
1143 395 1239 464 inter
1259 423 1276 460 ιι
1296 418 1367 486 spe-

199 504 393 574 culationes
409 503 635 594 theologicas.
655 533 670 567 a
690 504 769 586 Qua
789 526 914 596 quaeso
931 505 1067 573 ratione
1083 504 1167 572 haec
1184 503 1370 571 distinctio

197 611 395 700 probatur?
419 634 481 679 cur
504 611 627 679 deinde
650 610 824 694 doctrina,
843 631 931 703 quae
958 609 1205 700 “speculative
1219 610 1248 674 n*
1265 610 1372 678 dedn-

198 719 306 801 citur,
324 719 504 807 probatur,
521 699 733 802 declaratur,
751 718 945 786 cuiusmodi
965 717 1277 808 «speculationes»
1298 738 1374 786 sae

200 825 339 916 pissime
363 849 384 892 a
408 825 475 894 ΡΡ.
493 827 737 894 instituuntur
760 848 790 894 e.
811 850 847 915 g.
873 825 914 893 de
931 827 1155 914 generatione
1171 831 1207 894 et
1222 827 1373 894 consub-

200 934 438 1031 stantialitate
461 934 561 1018 Filii,
581 933 625 1002 ad
649 935 814 1023 dogmata
840 934 999 1004 revelata
1021 957 1089 1002 non
1112 934 1290 1024 pertinet?
1304 935 1377 1002 Ao-

200 1043 274 1130 cipe
286 1048 396 1110 totam
409 1041 515 1110 huius
528 1047 649 1125 tantae
665 1027 906 1112 distinctionis
922 1065 983 1110 seu
1000 1043 1117 1132 potius
1134 1041 1377 1131 perversioris

199 1152 439 1241 probationem
462 1151 752 1238 Neophotianam.

271 1259 523 1327 «Athanasius
547 1259 677 1347 (inquit
700 1258 857 1349 Langen)
874 1265 1037 1328 accurate
1061 1257 1255 1348 distinguit
1280 1259 1377 1328 inter

201 1368 433 1458 theologicam
469 1368 738 1457 speculationem
773 1369 840 1456 (ad
873 1390 976 1459 quam
1012 1391 1130 1456 nempe
1167 1368 1376 1458 pertineant

202 1499 317 1544 omnes
341 1477 415 1545 eius
439 1475 691 1544 declarationes
715 1477 757 1544 de
779 1475 997 1566 processione
1020 1497 1081 1564 per
1104 1475 1238 1544 Filium
1269 1482 1306 1545 et
1332 1477 1375 1545 de

172 1571 175 1576 ⁵
202 1586 398 1674 acceptione
433 1583 542 1652 totius
577 1584 749 1653 essentiae
774 1608 794 1650 a
815 1584 935 1669 Filio)
959 1589 994 1651 et
1017 1584 1112 1651 inter
1141 1585 1373 1652 traditionem

201 1695 281 1762 fidei
301 1719 317 1755 n
337 1671 395 1780 (ad
421 1712 523 1782 quam
558 1690 622 1758 illa
657 1691 818 1769 doctrina
848 1714 916 1757 non
947 1691 1147 1781 pertineat).
1178 1692 1371 1761 Probatur.

206 1801 330 1872 uNam
353 1797 574 1866 Athanasius
597 1799 655 1885 (ad
680 1800 800 1888 Serap.
819 1797 882 1867 IV.
899 1798 960 1884 7.)
986 1798 1075 1866 dicit
1098 1797 1373 1868 homoeusianis:

207 1908 336 1978 sufficit
360 1928 422 1974 vos
447 1905 586 1973 credere
611 1903 783 1995 Spiritum
807 1928 874 1973 non
891 1926 964 1973 esse
988 1912 1195 1991 creaturam,
1215 1908 1277 1976 sed
1294 1907 1372 1998 Spi-

208 2017 318 2084 ritum
341 2036 414 2083 esse
437 2013 515 2097 Dei,
534 2017 570 2081 et
593 2012 629 2080 in
653 2013 730 2103 ipso
754 2013 989 2099 Trinitatem,
1016 2014 1156 2083 Patrem
1179 2020 1216 2083 et
1239 2016 1373 2084 Filium

204 2130 240 2193 et
264 2123 438 2213 Spiritum
456 2121 633 2191 Sanctum.
655 2148 671 2183 n
690 2122 778 2190 Item
802 2121 839 2189 in
855 2123 1064 2220 fragmento,
1083 2147 1150 2214 quo
1168 2125 1373 2193 continetur

205 2229 397 2298 Athanasii
432 2228 680 2319 interpretatio
703 2229 741 2296 in
776 2229 970 2319 symbolum
1006 2230 1138 2320 (Migne
1162 2231 1205 2299 Τ.
1235 2231 1368 2301 XXVI.

204 2361 237 2427 p.
264 2338 381 2423 1231.)
400 2387 407 2421 ,
427 2337 518 2404 iuter
542 2336 743 2425 praedicata
764 2337 919 2426 Spiritus
948 2337 1069 2406 Sancti
1093 2362 1160 2406 non
1176 2338 1218 2406 fit
1243 2340 1370 2407 mentio

183 2435 445 2537 ¹'processionis;
466 2444 576 2511 solum
601 2444 733 2513 dicitur
760 2473 777 2508 ι
794 2466 861 2512 non
886 2444 1022 2513 alienus
1049 2447 1190 2514 aPatre
1212 2454 1251 2515 et
1264 2447 1366 2531 Filio,

205 2554 264 2623 sed
289 2551 603 2621 consubstantialis
626 2553 726 2619 Patri
751 2559 787 2621 et
808 2552 914 2620 Filio.
937 2581 952 2615 a
978 2553 1032 2620 Ex
1058 2554 1185 2645 quibus
1208 2556 1368 2622 omuibus

179 2688 183 2695 ’
204 2660 387 2749 theologus
410 2665 527 2728 noster
552 2660 746 2728 concludit:
776 2683 892 2750 aergo
916 2661 1270 2731 consubstantialitas
1295 2663 1368 2751 Spi-

204 2771 297 2839 ritus
310 2768 430 2838 Sancti
447 2791 523 2836 cum
537 2767 641 2835 Patre
653 2775 688 2835 et
710 2768 804 2836 Filio
820 2769 922 2836 iuxta
934 2767 1170 2838 Athanasium
1191 2777 1271 2837 erat
1286 2769 1368 2837 fides

205 2877 383 2947 Ecclesiae
395 2883 434 2968 et
450 2874 642 2962 apostolica
654 2875 801 2942 traditio
815 2875 856 2944 de
870 2876 1006 2964 Spiritu
1024 2875 1171 2945 Sancto»
1183 2875 1234 2964 (1)
1248 2877 1365 2966 (psl).

270 2983 386 3073 Magis
417 2983 532 3050 adhuc
563 2987 704 3078 stupeas
738 2984 1077 3072 argumentationem
1110 2984 1367 3074 liangenianam

206 3096 247 3163 de
271 3092 430 3161 doctrina
454 3089 593 3158 Basilii.
611 3089 768 3157 Basilius
788 3092 980 3159 doctrinam
998 3114 1099 3182 saepe
1123 3101 1159 3162 et
1176 3093 1302 3162 multis
1316 3094 1368 3162 de-

206 3203 374 3273 claratam
398 3200 440 3267 de
464 3199 678 3289 processione
703 3200 858 3288 Spiritus
874 3221 894 3266 a
911 3201 1016 3269 Patre
1040 3222 1101 3290 per
1116 3199 1251 3269 Filium
1271 3231 1287 3266 ιι
1304 3188 1366 3269 non

207 3311 331 3380 habuit
352 3309 450 3377 velut
467 3308 631 3376 traditam
648 3329 668 3373 a
685 3308 826 3377 Christo
843 3314 877 3376 et
890 3308 1060 3376 obiectum
1074 3309 1190 3379 fidei.»
1205 3310 1281 3379 Hoc
1295 3333 1366 3400 pro·

207 3422 323 3488 batur.
344 3445 360 3481 ιι
379 3415 472 3498 Quid
486 3415 558 3504 ipse
575 3414 761 3503 agnoverit
774 3420 814 3482 ut
829 3414 1048 3482 essentialem
1062 3415 1258 3484 doctrinam
1275 3415 1365 3498 fidei,

206 3525 374 3618 patefacit
397 3524 421 3592 l.
442 3524 483 3592 de
506 3522 599 3612 Spir.
619 3523 655 3590 S.
676 3546 704 3591 c.
724 3523 778 3590 18.
799 3522 858 3590 ubi
882 3523 945 3589 ait:
971 3523 1147 3590 naturalis
1169 3524 1311 3592 bonitas
1333 3528 1366 3590 et

276 3688 318 3764 (1)
335 3693 423 3744 Prout
441 3689 587 3742 sententia
601 3703 617 3739 a
630 3691 727 3740 nostro
740 3687 889 3742 dialectico
909 3667 1077 3739 enuntiatur
1090 3687 1182 3740 forna
1197 3690 1366 3756 affirmante,

206 3800 240 3838 aa
253 3787 298 3836 est
311 3783 489 3846 certissima,
511 3780 624 3832 omnino
640 3779 926 3831 consubstantialitas
941 3778 1068 3845 Spiritus
1082 3780 1180 3833 Sancti
1195 3785 1260 3833 crat
1271 3780 1303 3832 in
1317 3778 1367 3832 tide

205 3873 347 3928 Ecclesiae
366 3878 395 3925 et
413 3874 444 3923 in
467 3870 622 3922 traditione
642 3869 808 3946 apostoliea.
834 3868 888 3921 Sed
906 3865 952 3938 (ut
970 3869 1079 3921 tirones
1098 3866 1218 3941 norunt)
1238 3870 1307 3923 haec
1327 3872 1368 3938 cf·

199 3965 325 4031 firmatio
344 3966 459 4016 nonest
477 3961 591 4026 nepotis
607 3975 658 4011 nec
669 3959 787 4024 praebet
799 3958 1010 4011 fundamentum
1026 3961 1196 4026 negationis,
1212 3976 1269 4027 qua
1282 3961 1366 4028 dicar,

205 4054 410 4121 processionem
424 4052 550 4119 Spiritus
564 4051 661 4105 Sancti
682 4066 698 4102 a
716 4050 801 4100 Patre
817 4052 847 4101 st
858 4049 934 4101 Filio
953 4052 1002 4101 aut
1021 4066 1072 4116 por
1084 4051 1192 4103 Filium
1212 4067 1270 4104 non
1284 4053 1368 4105 inissa

206 4144 333 4197 habitam
343 4143 374 4195 in
388 4142 441 4195 fide
455 4145 484 4193 et
496 4140 652 4194 traditione
665 4140 816 4206 Ecclesiam
829 4139 885 4191 imo
900 4138 925 4191 si
939 4140 1100 4192 conferatur
1112 4141 1228 4207 integra
1242 4141 1369 4196 decidua

207 4232 368 4299 Athanasii,
390 4236 420 4286 iu
434 4234 498 4300 ipsa
517 4231 626 4283 tradita
646 4247 677 4283 ac
694 4229 804 4283 credita
817 4229 1119 4283 consubstantialitate
1134 4229 1262 4297 Spiritus
1274 4234 1368 4287 Sancti

208 4343 268 4381 oum
287 4325 371 4376 Patre
391 4328 419 4376 et
437 4324 512 4375 silio
531 4323 696 4375 continetur
715 4321 823 4374 tradita
842 4336 873 4374 ac
887 4319 997 4375 credita
1015 4320 1139 4375 eiusdem
1158 4326 1302 4390 processio
1321 4339 1367 4376 seu

208 4414 381 4471 substantiae
400 4413 521 4482 acceptio
540 4413 575 4466 ab
594 4416 723 4479 utroque.
