3120 4988
705 285 742 300 -
762 252 824 317 19⁷
842 284 880 302 -·

209 357 435 441 auctoritate,
454 360 614 450 quamvis
636 359 701 428 hoc
725 358 877 428 faciendi
893 362 1100 449 potestatem
1124 359 1302 446 habemus,
1318 362 1377 431 sed

208 487 252 532 ex
276 466 477 556 apostolicis
513 467 823 536 constitutionibus
853 471 889 535 et
911 468 1058 536 Patrem
1093 467 1245 539 decretis
1275 471 1378 540 docu-

210 579 327 640 menta
350 579 551 643 sumentesn
577 573 678 661 (ibid.
698 597 731 665 p.
752 572 830 641 397.
847 573 955 660 401.).

277 683 307 765 c)
329 681 493 749 Pontifex
517 681 554 750 in
577 704 641 750 sua
658 681 812 771 genuine
834 681 984 772 epistola
1006 683 1241 773 receptionem
1257 682 1379 752 Photii

212 794 356 858 excusat
378 789 549 880 exemplis
572 790 840 859 Donatistarum
862 797 898 859 et
920 790 1208 876 Bonosianorum,
1227 791 1288 884 qui
1304 791 1383 862 red-

210 903 333 965 euntes
355 897 400 967 ad
423 897 615 967 Ecclesiam
631 897 668 967 in
685 898 758 967 suis
774 899 965 968 honoribus
981 901 1115 990 recepti
1132 908 1227 988 sunt,
1243 899 1381 992 quando

211 1005 430 1076 conservatio
453 1007 548 1096 pacis
566 1007 824 1077 ecclesiasticae
847 1008 884 1076 id
906 1007 1090 1098 postulare
1106 1008 1297 1077 videbatur
1313 1008 1379 1096 (ib.

211 1139 247 1204 p.
265 1115 372 1201 lau).
400 1114 548 1184 Photius
571 1115 608 1182 in
631 1137 695 1184 sua
719 1115 1010 1206 interpretatione
1033 1117 1137 1206 longe
1154 1116 1260 1186 aliter
1276 1139 1382 1207 ergn-

194 1227 423 1290 mentautem
446 1222 582 1291 inducit
605 1222 819 1293 Pontificem.
847 1223 885 1290 Si
910 1223 1057 1316 (inquit)
1070 1223 1132 1315 qui
1148 1248 1168 1293 a
1182 1220 1382 1294 Donatistis

215 1337 250 1399 et
265 1331 432 1398 aBouoso
456 1331 709 1400 ordinationem
737 1339 951 1422 receperant,
966 1333 1111 1402 admissi
1127 1342 1223 1402 sunt:
1241 1362 1258 1399 a
1273 1333 1383 1423 multo

215 1439 329 1528 magis
353 1439 450 1508 viros
472 1439 665 1508 orthodoxa
688 1440 756 1508 fide
773 1441 978 1530 conspicuos
994 1441 1171 1529 (Photium
1188 1463 1266 1510 cum
1282 1440 1383 1529 suis),

215 1569 347 1614 morum
372 1546 560 1615 severitate
583 1552 619 1614 et
641 1555 804 1616 accurato
827 1548 923 1618 vitae
947 1549 1115 1619 instituto
1150 1548 1384 1618 celebratissi-

215 1680 309 1742 mos,
335 1679 375 1725 ac
398 1663 538 1724 tantum
561 1678 629 1724 non
653 1680 763 1748 usque
787 1657 871 1726 adeo
896 1666 997 1727 utet
1021 1657 1258 1748 poenitentiae
1282 1678 1387 1750 opera

217 1770 388 1855 peragant
404 1763 454 1850 (h.
473 1786 503 1832 e.
522 1769 564 1832 ut
581 1765 690 1833 vitam
706 1773 816 1854 agant
840 1767 914 1834 fere
930 1766 1185 1852 monasticam),
1204 1788 1272 1834 uon
1286 1788 1386 1856 opor·

217 1880 268 1941 tet
292 1881 508 1942 contemnere
532 1872 633 1941 velut
654 1894 732 1941 reos
755 1873 990 1962 poenitentiae
1014 1875 1098 1965 iugo
1123 1882 1303 1965 gravatos,
1326 1873 1387 1944 sed

219 1981 253 2048 in
276 1981 429 2070 priorem
451 2002 509 2048 eos
531 1979 721 2050 restituere
743 1980 988 2071 dignitatem»
1014 1983 1077 2071 (ib.
1096 2005 1130 2074 p.
1148 1984 1257 2071 400.).

284 2085 320 2175 d)
346 2088 509 2156 Pontifex
540 2088 577 2156 in
601 2095 750 2180 utraque
780 2089 929 2179 epistola
953 2091 997 2159 ad
1025 2091 1253 2182 imperatores
1282 2095 1319 2161 et
1341 2090 1387 2160 ad

221 2196 384 2264 Photium
408 2196 446 2264 in
470 2195 644 2264 sententie
668 2217 689 2263 a
705 2195 860 2265 Concilio
875 2196 978 2267 VIII.
998 2203 1118 2267 contre
1134 2198 1298 2268 Photium
1315 2196 1390 2266 lata

221 2303 397 2394 dispensat
419 2303 557 2394 quidem
581 2326 622 2371 ex
645 2301 865 2392 plenitudine
888 2304 1089 2393 potestatis3
1105 2304 1166 2373 sed
1182 2306 1293 2394 ipram
1311 2326 1389 2373 cve·

220 2412 408 2481 nerabilem
431 2412 634 2500 synodumn
661 2412 800 2479 omnino
835 2412 963 2504 recipit
986 2420 1028 2482 ut
1051 2414 1259 2504 legitimam.
1290 2413 1389 2482 «Ve-

213 2524 311 2590 niam
336 2543 399 2611 pro
422 2542 506 2611 pace
520 2519 927 2610 Constantinopolitanae
943 2521 1123 2591 Ecclesiae
1142 2522 1209 2590 tibi
1233 2521 1388 2591 concedi-

218 2653 306 2716 mus,
333 2629 603 2699 communionem
627 2651 761 2721 quoque
784 2636 820 2698 et
843 2632 1033 2720 gradum...
1061 2630 1112 2698 ite
1129 2634 1257 2716 tamen,
1277 2636 1317 2700 ut
1331 2626 1391 2699 de-

215 2738 336 2830 inceps
352 2740 394 2807 de
411 2739 518 2808 laicis
536 2738 576 2806 in
599 2740 715 2807 eadem
731 2737 890 2807 Ecclesia
906 2738 1101 2829 Episcopus
1118 2747 1240 2809 contra
1263 2762 1309 2807 ss.
1325 2740 1389 2808 Pa-

213 2852 313 2917 trum
349 2851 488 2915 statuta
517 2845 722 2914 nullatenus
756 2845 962 2930 ordinetur,
996 2852 1032 2914 et
1055 2846 1166 2914 omnis
1201 2844 1265 2913 illa
1296 2846 1390 2913 mala

211 2956 432 3024 consuetudo
445 2953 570 3022 abinde
586 2952 727 3043 penitus
739 2959 952 3041 amputetur,
969 2953 1072 3022 iuxta
1089 2952 1280 3043 capitulum
1299 2954 1391 3043 quod

210 3063 412 3153 superbae
436 3085 474 3130 re
498 3064 536 3127 in
559 3062 752 3129 venerabili
775 3059 923 3150 synodo,
951 3076 1096 3150 tempore
1117 3061 1250 3128 scilicet
1284 3057 1391 3128 deceo-
1434 3129 1437 3133 ,

211 3177 307 3242 eoric
340 3175 451 3239 nostri
474 3171 658 3239 Hadriani
685 3172 835 3236 iunioris
859 3171 978 3262 Papae
1003 3169 1308 3260 Constantinopoli
1332 3170 1392 3236 bo·

212 3282 321 3364 bita,
345 3289 399 3350 est
431 3279 742 3379 congruentissime
775 3278 1038 3369 promulgatum
1053 3305 1081 3383 ιιι
1095 3279 1197 3368 (ibid.
1226 3302 1259 3370 p.
1281 3277 1390 3364 149.).

209 3388 370 3458 Photius
392 3410 462 3456 non
485 3387 596 3456 solum
621 3387 713 3456 hunc
735 3387 849 3456 locum
874 3387 1046 3478 pervertit
1070 3409 1121 3475 ea,
1137 3410 1226 3479 quae
1243 3388 1392 3455 Ioannes

213 3500 363 3568 dixerat
386 3496 428 3564 de
452 3495 631 3564 Hadriano
655 3496 704 3564 II.
723 3503 827 3588 atque
851 3497 892 3564 de
915 3496 1164 3587 approbatione
1180 3492 1394 3565 venerabilis

217 3605 350 3694 synodi
364 3609 497 3692 (nempe
512 3603 662 3673 Concilii
674 3603 806 3689 VIII),
819 3602 1060 3673 transferendo
1073 3604 1117 3671 ad
1129 3602 1346 3671 Hadrianum
1360 3601 1390 3671 I.

219 3722 258 3784 et
282 3713 329 3782 ad
345 3737 419 3782 rem·
442 3714 579 3781 omnino
603 3712 721 3800 aliam;
741 3713 800 3782 sed
823 3734 931 3782 ausus
946 3718 1001 3781 est
1017 3711 1052 3779 in
1068 3710 1237 3802 epistolas
1252 3709 1397 3779 Pontifi-

222 3824 275 3894 ois
290 3830 329 3891 et
343 3823 379 3889 in
397 3821 703 3891 Commonitorium
726 3844 788 3911 pro
810 3821 941 3910 legatis
963 3820 1118 3890 inserere
1141 3818 1396 3888 damnationem

224 3929 352 4021 synodi
364 3930 467 4000 VIII.
480 3931 731 4015 oecumenicae,
746 3930 872 4019 synodi
884 3930 1058 3998 Romanae
1071 3930 1136 3998 sub
1149 3927 1329 3998 Hadriano
1341 3928 1395 4003 ΙΙ.

228 4046 264 4107 et
289 4037 550 4107 sententiarum
570 4037 708 4107 Nicolai
733 4035 904 4105 adversus
927 4035 1110 4121 Photium‚
1136 4036 1219 4107 adeo
1243 4040 1283 4103 ut
1307 4034 1397 4104 Pon·

211 4146 317 4238 ,tifex
329 4147 476 4214 Ioannes
489 4145 590 4214 VIII.
610 4144 724 4236 quiin
748 4145 860 4234 gradu
884 4141 1124 4213 archidiaconi
1138 4143 1396 4233 subscripserat

236 4253 444 4324 damnationi
479 4255 598 4325 Photii
621 4253 753 4343 (Mansi
778 4250 879 4323 XVI.
904 4275 938 4342 p.
958 4251 1036 4320 131.
1053 4251 1174 4340 ma),
1207 4261 1330 4323 contra
1360 4273 1397 4320 se
1429 4269 1431 4271 ·

239 4359 345 4452 ipsum
373 4360 559 4435 anathema
592 4363 753 4434 dixisset.
781 4360 988 4452 aSuscipite
1019 4358 1135 4432 virum
1167 4359 1242 4433 siue
1263 4358 1397 4452 'aliqua
