3120 4988
686 324 860 388 -279-

155 422 165 445 “
192 430 318 499 radius
341 432 572 501 Marsiliensis
596 437 634 504 in
665 437 821 525 symbolo
846 438 946 524 fidei;
973 447 1009 505 et
1031 437 1244 526 Fulgentius
1267 439 1357 507 Rus·

189 541 308 626 pensis
333 542 454 608 multis
478 543 514 609 in
538 543 626 611 loeis
643 557 798 614 recenset
819 547 911 613 inter
930 547 1173 614 inertissimos
1199 547 1278 615 fidei
1304 573 1359 615 ar-

191 647 321 714 ticulos
338 673 368 715 n:
398 656 498 717 utam
515 651 717 720 inconcusse
740 676 780 720 ea
804 662 919 721 aetate
943 653 979 719 in
997 653 1174 722 occidente
1188 657 1356 744 professio

188 759 423 844 processionis
449 781 468 824 a
492 761 598 828 Patre
623 761 786 852 Filioque
808 763 985 848 obfirmata
1010 777 1084 827 erat
1100 764 1138 826 in
1154 764 1362 829 convictione

191 862 418 953 doqmatican
446 868 508 953 (l).
546 869 586 935 In
622 868 777 937 Concilio
801 868 869 936 ΙΙΙ.
898 869 1066 936 Toletano
1100 871 1269 938 insertum
1307 877 1362 937 est

189 983 227 1039 et
242 973 365 1040 deinde
382 976 451 1041 aab
467 976 549 1042 aliis
561 976 728 1044 Conciliis
741 977 847 1066 longa
864 979 952 1044 serie
971 1000 1029 1065 per
1046 969 1229 1065 septimum
1246 999 1364 1045 saecu·

192 1080 267 1146 lum
284 1082 475 1170 repetitum
488 1083 523 1150 iu
538 1085 693 1172 symbolo
706 1085 799 1170 fidei,
816 1083 987 1174 Spiritum
1002 1085 1166 1153 Sanctum
1182 1086 1363 1174 procedere

193 1209 215 1252 a
241 1189 344 1257 Patre
366 1189 553 1281 Filioque»
572 1192 634 1278 (2).
663 1192 856 1259 Concilium
881 1192 1071 1281 Anglicum
1096 1194 1160 1260 sub
1184 1192 1362 1260 Theodoro

194 1296 441 1365 Cantuariensi
452 1323 548 1378 anno
561 1299 637 1367 680.
657 1301 856 1391 «sequendo
873 1301 1027 1392 quinque
1044 1302 1261 1369 oecumenica
1277 1296 1374 1369 Con-¹

196 1404 281 1470 eilia
304 1411 340 1472 et
362 1407 554 1476 Concilium
578 1410 771 1476 Romanum
795 1410 859 1477 sub
882 1410 1035 1477 Martino
1057 1411 1103 1495 I.,
1129 1411 1364 1479 Lateranense

196 1513 357 1602 primum,
384 1515 568 1603 profitetur
583 1517 786 1585 'doctrinam
810 1518 1040 1608 processionis
1056 1519 1215 1607 Spiritus
1241 1517 1366 1588 Sancti

197 1641 218 1684 a
241 1621 345 1688 Patre
369 1629 404 1689 et
426 1623 549 1690 Filio»
568 1625 632 1712 (3).
659 1626 729 1692 Nee
754 1627 869 1693 minus
885 1626 1045 1694 doctriua
1069 1628 1184 1694 eadem
1200 1634 1251 1695 'ut
1279 1628 1366 1695 arti·

198 1729 299 1796 culus
323 1730 403 1798 fidei
427 1735 635 1820 supponitur
659 1735 893 1802 anadriano
917 1734 962 1818 I.,
990 1735 1158 1803 definitur
1174 1760 1194 1802 a
1209 1735 1364 1804 Concilio

198 1837 444 1924 Foroiuliensi,
465 1851 500 1910 et
523 1864 544 1908 a
567 1843 680 1910 Leone
703 1843 773 1912 ΙΙΙ.
791 1845 829 1912 in
853 1844 1066 1934 professione
1083 1843 1164 1911 fidei
1180 1866 1242 1934 pro
1259 1843 1366 1910 omni·

199 1947 260 2013 bus
284 1947 453 2017 Ecclesiis
477 1951 708 2019 orientalibus
732 1953 794 2039 (4).

262 2057 364 2127 Nune
388 2058 527 2126 tandem
551 2082 716 2128 summam
735 2059 968 2128 subducamus
992 2059 1143 2127 omnium
1167 2058 1289 2127 horum
1305 2061 1364 2127 do-

201 2203 303 2256 salutis
324 2206 353 2256 et
372 2205 607 2258 interminatione
622 2205 816 2260 damnationis
829 2210 960 2259 aeternae
976 2206 1095 2271 proponi
1107 2220 1163 2257 nen
1177 2208 1292 2272 peterat
1305 2206 1365 2258 nisi
1409 2189 1416 2192 ⁵

199 2293 382 2348 indubitatus
398 2296 464 2348 fidei
483 2297 633 2364 articulus;
655 2299 701 2349 vel
720 2302 796 2349 certe
821 2295 982 2348 huiusmodi
1002 2295 1195 2348 documentum
1216 2309 1367 2359 numquam

201 2383 305 2436 fuisset
320 2389 460 2451 receptum
475 2386 506 2438 in
520 2387 721 2440 auctoritatem
735 2386 812 2452 fidei,
834 2384 1063 2452 quemadmodum
1077 2385 1129 2436 hoc
1142 2384 1297 2450 symbolum
1311 2382 1368 2434 iam

203 2482 267 2529 aute
289 2483 381 2529 ortum
401 2479 528 2530 haeresis
546 2479 703 2532 Photianae
724 2478 892 2531 nominatim
908 2476 999 2543 quoad
1014 2476 1221 2543 processionem
1242 2474 1369 2540 Spiritus

203 2566 302 2621 Sancti
322 2587 339 2620 u
353 2571 437 2621 Putre
454 2579 480 2621 et
492 2572 581 2635 Filio,
604 2576 763 2637 susceptum
782 2570 872 2622 fuisse
886 2569 1014 2622 videmus
1034 2572 1067 2622 nt
1087 2566 1310 2632 «expositionem
1325 2581 1368 2616 ca·

203 2659 323 2711 thelicae
336 2660 420 2725 fidei,
449 2678 531 2727 quum
549 2661 718 2712 astices-salia
737 2661 884 2725 confitetur
901 2660 1044 2710 Ecclesiae
1032 2656 1203 2783 n(suprap.
1217 2656 1249 2707 71
1266 2671 1310 2721 sq.
1331 2655 1369 2709 ei.

204 2748 297 2805 'l'raet
314 2750 443 2804 de'l'rin.
465 2751 509 2804 ed.
525 2753 551 2803 2.
573 2769 600 2819 p
616 2750 701 2824 513).

270 2839 312 2911 (1)
331 2842 405 2895 lbid.
417 2859 444 2909 p.
454 2843 498 2896 80
512 2842 572 2895 103.
582 2841 643 2896 125
660 2842 720 2894 «So
734 2842 791 2894 isat
802 2855 860 2893 war
873 2839 924 2892 das
936 2841 1069 2905 Filioque
1083 2837 1192 2890 damula
1206 2837 1244 2890 lm
1255 2836 1370 2891 Abund-

203 2925 286 2982 lande
306 2931 398 2983 bereit
387 2936 414 2984 ts
432 2933 463 2984 in
479 2932 541 2985 dem
556 2931 669 2998 dogmat
671 2934 768 2986 isehen
783 2930 974 2984 Bswusstsein
993 2927 1162 2993 begriindet.
1176 2949 1188 2977 n

270 3018 317 3100 ,(2)
336 3022 409 3077 ibid.
430 3040 457 3090 p.
475 3023 537 3077 106.
1170 3067 1176 3100 ‚

272 3108 314 3185 (3)
332 3111 407 3164 Ibid.
425 3129 451 3179 p.
469 3114 529 3165 107.
550 3113 649 3167 Obiter
668 3113 801 3166 advertas
815 3112 1040 3177 designationem
1052 3108 1174 3162 Consilii
1193 3110 1368 3161 Laterauen·

205 3201 244 3254 ais
260 3203 355 3266 primi.
382 3203 504 3256 Videtur
522 3205 638 3269 Langen
658 3204 732 3257 hane
751 3201 888 3268 synodum
908 3202 959 3254 sub
979 3200 1103 3253 Martiae
1122 3200 1146 3252 1.
1166 3198 1236 3251 anni
1255 3197 1306 3248 649
1325 3213 1368 3250 ac·

205 3306 317 3344 censere
332 3293 470 3346 Consiliis
484 3288 726 3348 Lateranensibus
745 3293 948 3358 oecumenicis,
964 3306 1042 3344 secus
1061 3291 1142 3342 homo
1163 3288 1367 3358 ἱστορικωτατος

206 3395 260 3433 nen
275 3386 417 3449 potuisset
430 3384 522 3436 dicere
534 3386 653 3450 primum
667 3385 745 3436 inter
758 3382 975 3436 Lateranensia.
996 3379 1075 3434 Unde
1088 3383 1203 3443 cogetur
1217 3393 1374 3442 agnoscere

206 3473 307 3523 saltem
325 3486 410 3524 unum
429 3480 478 3526 aut
496 3475 619 3526 alterum
638 3489 672 3524 ex
693 3473 817 3539 quinque
836 3471 1081 3525 Lateranenaibna
1098 3467 1283 3521 oecumenicis
1307 3466 1374 3518 inde

206 3560 240 3612 ab
259 3577 333 3613 anno
354 3562 423 3615 1123
443 3578 530 3629 usque
551 3563 586 3615 ad
607 3579 709 3615 aunum
724 3561 804 3614 1517.
824 3562 899 3614 Haec
918 3577 986 3614 vero
1006 3559 1139 3626 quomodo
1159 3574 1219 3610 cnm
1235 3572 1285 3609 suu
1300 3557 1370 3608 Neo-

206 3654 413 3718 protestantica
431 3654 584 3718 negatione
597 3647 803 3720 principiorum
815 3653 1017 3705 catholicorum
1031 3650 1184 3704 conciliare
1200 3654 1228 3702 et
1241 3649 1302 3702 suis
1316 3649 1371 3702 col-

206 3741 279 3807 legia
299 3743 431 3801 sectariis
451 3743 621 3811 persuadere
641 3745 742 3810 possit,
765 3745 826 3810 ipse
840 3742 959 3795 viderit.
995 3766 1001 3779 ·

274 3831 315 3906 (4)
335 3835 408 3887 lbid.
423 3835 522 3900 p.121.
536 3834 595 3886 122.
609 3835 772 3886 Portentum
787 3817 901 3884 estnon
917 3831 1008 3884 solum
1023 3829 1211 3894 theologicum
1226 3827 1273 3880 sed
1288 3829 1375 3883 etiam

205 3923 373 3976 historicum
392 3921 441 3996 (cf.
459 3908 544 3989 supra
562 3941 590 3990 p.
605 3923 650 3978 86.
666 3918 753 3989 sqq),
776 3919 848 3987 quod
866 3922 1091 3986 Neoprotestans
1110 3922 1208 3971 noster
1226 3918 1289 3969 heic
1309 3918 1373 3970 snb·

205 4012 309 4077 iungit:
333 4013 469 4065 «Carolus
482 4016 518 4066 M.
533 4013 565 4065 in
580 4013 687 4078 synodo
700 4010 928 4077 Aquisgranensi
947 4009 1082 4060 decretum
1101 4008 1199 4070 edidit,
1221 4009 1373 4059 articulum

206 4103 338 4168 Filioque
363 4104 395 4154 in
419 4099 882 4166 Nicaeae-llonstentinopolitano
911 4100 1039 4164 symbolo
1065 4113 1127 4151 esse
1153 4095 1333 4148 inserendum
1355 4115 1368 4143 n

206 4188 290 4264 (Karl
310 4191 360 4244 der
379 4193 481 4245 Gnosso
504 4194 572 4245 uber
592 4193 736 4243 decretirte
758 4189 809 4242 auf
830 4189 879 4241 der
897 4188 1009 4254 Synode
1029 4204 1064 4240 zu
1082 4187 1212 4254 Ascheu,
1234 4185 1300 4238 dass
1320 4184 1372 4236 das

150 4334 153 4338 Α
207 4279 341 4346 Filioque
359 4279 389 4332 in
412 4281 473 4334 dem
488 4283 550 4336 Nic.
567 4282 618 4334 ΟΡ.
641 4281 803 4347 Symbolum
829 4279 882 4330 mit
907 4279 1095 4331 uulznfiihren
1125 4274 1190 4350 aei).
1211 4277 1380 4329 insinuatur

207 4384 304 4437 nempe
331 4372 475 4439 exemplar
495 4371 612 4438 aliquod
638 4369 863 4436 usyuoderumn
892 4369 1196 4436 Neoprotestantium,
1222 4370 1254 4420 in
1275 4364 1377 4434 quibus

209 4447 276 4516 laici
297 4459 331 4516 (le
349 4462 433 4517 rebus
452 4462 656 4518 ecelesiasticis
673 4459 854 4532 potissimum
872 4459 1039 4516 decernunt.
