3120 4988
570 308 573 315 .
801 285 839 303 ...
863 256 920 322 lll
941 288 979 304 -

306 363 457 432 tecessor
480 358 707 450 Augustinus
738 362 891 454 explicat
915 364 956 433 de
981 363 1080 434 Trin.
1111 365 1137 434 l.
1155 364 1219 436 1v.
1245 389 1282 437 n.
1300 364 1367 453 293
1393 367 1481 439 XV.

307 471 408 540 n.29.
428 471 484 554 47,
500 482 621 539 eontra
633 470 811 540 Maximin.
832 471 913 539 l.II.
931 495 960 541 o.
974 471 1028 541 14.
1041 496 1074 543 n.
1086 474 1119 562 13
1134 477 1172 544 in
1183 475 1284 546 Ioani
1301 485 1410 547 traci.
1422 477 1479 546 99.

306 604 341 649 n.
361 581 395 650 8.
413 579 447 644 9.
475 580 569 663 (vide
595 581 734 647 Thesim
759 579 939 667 XXXV.).

375 687 570 776 Utrumque
586 688 704 777 itaque
729 689 965 756 testimonium
983 688 1171 758 aMacario
1187 690 1336 760 citatum
1352 715 1394 761 ex
1413 716 1484 784 quo

309 795 455 884 probare
479 794 650 877 instituit,
679 795 885 863 Rhabanum
911 797 1070 864 astricte
1086 819 1264 886 negasses
1290 801 1485 888 processio·

308 927 383 972 nem
410 902 566 990 Spiritus
589 904 693 969 etiam
722 926 762 971 ex
787 903 899 986 Filio,
926 904 1015 973 hane
1038 928 1105 972 non
1130 904 1241 973 solum
1265 897 1332 974 non
1358 916 1482 997 negat,

311 1015 367 1082 sed
393 1012 562 1101 implicite
585 1011 755 1093 affirmet,
782 1011 942 1102 qnoniam
975 1014 1080 1080 verba
1103 1036 1171 1081 non
1207 1014 1276 1081 nisi
1304 1037 1343 1083 eo
1375 1037 1486 1086 sensu

308 1121 465 1208 intelligi
492 1131 648 1209 possunt,
675 1142 775 1208 quem
801 1120 930 1189 hebent
953 1121 990 1187 in
1015 1144 1078 1188 sno
1101 1124 1217 1205 fonte,
1245 1123 1279 1189 in
1300 1122 1406 1192 libris
1432 1124 1485 1193 in·

310 1252 412 1321 quam
436 1227 643 1316 Augustini.
672 1227 737 1295 Sed
764 1227 854 1295 nihil
878 1250 964 1318 opus
998 1236 1051 1297 est
1075 1230 1252 1319 appellare
1275 1231 1318 1299 ad
1342 1253 1486 1301 sensnm

310 1337 533 1426 implicitum,
550 1359 626 1405 cum
654 1335 842 1403 Rhabanus
866 1336 940 1424 ipse
965 1336 1087 1403 moltis
1113 1337 1200 1405 loois
1224 1337 1316 1407 hunc
1340 1361 1485 1408 sensum

310 1446 534 1533 explicuerit,
555 1455 590 1512 et
613 1441 805 1510 doctrinam
831 1465 932 1534 quam
957 1444 1089 1513 dicitur
1117 1447 1273 1515 astricte
1296 1469 1484 1536 negasse,s

311 1552 546 1623 declaraverit
569 1574 643 1619 esse
660 1550 864 1618 credendam
889 1561 929 1619 ot
954 1552 1144 1621 articulum
1168 1553 1248 1621 fidei
1273 1556 1483 1629 catholicae.

379 1661 419 1728 In
447 1660 567 1749 primis
591 1660 627 1727 in
651 1680 692 1726 ea
715 1661 793 1748 ipsa
816 1659 853 1726 Il
877 1660 984 1728 Parte
1009 1660 1244 1747 homiliarum,
1262 1687 1304 1734 ex
1325 1687 1395 1756 qua
1411 1666 1487 1736 Ma·

312 1770 429 1841 carius
453 1775 587 1835 textum
606 1789 665 1856 pro
689 1789 752 1834 sua
777 1789 883 1835 causa
898 1769 1054 1852 adducit,
1069 1771 1184 1860 legere
1203 1773 1373 1858 potuisset
1390 1775 1491 1842 Rha-

312 1879 393 1945 bani
410 1876 690 1964 explicationem.
707 1875 891 1943 Praeclare
909 1877 1046 1945 omnino
1063 1878 1173 1959 docet,
1197 1880 1232 1947 in
1249 1880 1365 1949 vorbis
1381 1883 1489 1952 chri-

313 1988 374 2070 sti,
396 2015 412 2050 c
430 1984 635 2052 Paracletus
660 2007 756 2074 quem
782 2007 846 2072 ego
870 1985 1007 2051 mittam
1032 1987 1296 2073 vobisaPatre,
1312 1989 1491 2081 Spiritum

314 2094 497 2175 veritatis,
525 2093 584 2182 qui
608 2115 629 2157 a
652 2093 760 2159 Patre
793 2093 982 2181 procedito
1008 2093 1059 2162 Io.
1078 2094 1158 2162 XV.
1177 2096 1239 2179 26,
1265 2120 1333 2165 non
1368 2101 1491 2170 minus

313 2201 579 2292 intelligendam
594 2224 667 2269 esse
693 2203 756 2268 hoo
782 2201 930 2269 secundo
947 2201 1057 2270 inciso
1074 2206 1361 2298 processionem.a
1376 2208 1491 2281 Patre

315 2322 351 2382 et
373 2312 486 2395 Filio,
514 2332 615 2400 quarn
641 2309 676 2374 in
709 2308 817 2396 priori
844 2307 954 2376 inciso
978 2309 1206 2401 intelligatur
1229 2317 1346 2383 missio
1370 2341 1442 2386 non
1468 2341 1492 2388 a

315 2421 389 2489 solo
411 2419 505 2489 Filio
529 2418 587 2485 sed
612 2438 632 2482 a
656 2416 761 2484 Patre
795 2423 831 2485 et
853 2417 966 2504 Filio,
992 2421 1152 2509 quoniam
1178 2428 1336 2513 (excepta
1360 2426 1492 2519 utique

316 2527 529 2620 paternitate
553 2533 589 2593 et
612 2525 795 2610 filiatione)
820 2525 924 2593 Pater
948 2535 983 2594 et
1005 2526 1122 2597 Filius
1147 2529 1181 2597 in
1201 2533 1359 2602 omnibus
1376 2559 1491 2606 unum

317 2644 412 2707 sunt.
443 2634 573 2718 «Quod
599 2657 680 2701 vero
704 2634 767 2718 ait,
786 2660 807 2701 a
833 2636 938 2704 Putre
956 2637 1125 2723 procedit,
1143 2647 1179 2709 et
1203 2642 1320 2708 statim
1339 2643 1490 2712 subinn-

317 2744 383 2824 xit,
410 2765 507 2834 quem
532 2765 591 2831 epo
615 2743 763 2822 mitram,
783 2742 962 2830 signifieat
984 2744 1075 2835 qaod
1091 2748 1286 2838 aequaliter
1304 2745 1393 2814 idem
1411 2752 1493 2839 Spi-

317 2853 407 2916 ritus
424 2851 569 2918 Sanctus
586 2874 608 2915 o
622 2851 728 2916 Patre
744 2865 775 2917 et
795 2852 887 2920 Filio
900 2851 1069 2941 procedit,
1083 2868 1115 2919 et
1130 2836 1327 2949 ospitaliter
1341 2881 1363 2923 o
1379 2859 1493 2927 Patra

319 3038 411 3090 sutem
432 3035 504 3103 lpso,
522 3039 553 3089 nt
572 3052 646 3089 nnnc
665 3052 683 3090 s
700 3036 855 3103 Fulgentio
875 3035 1047 3103 audivimus,
1063 3040 1187 3110 Spiritus
1206 3041 1239 3093 ds
1256 3042 1386 3094 immenso
1404 3043 1496 3096 Patre

320 3149 352 3184 as
371 3132 404 3182 de
422 3131 550 3181 immenso
570 3129 649 3180 Filio
669 3129 899 3193 inseparabiliter
914 3137 939 3181 st
951 3145 1024 3182 anas
1032 3133 1162 3196 procedit
1176 3140 1202 3183 st
1215 3134 1297 3195 totns,
1312 3133 1379 3200 quia
1393 3135 1495 3189 omnis

321 3237 391 3290 qnae
411 3221 612 3285 habetPeter,
629 3219 700 3272 Filii
719 3225 796 3273 snnt.
815 3218 898 3290 (Vide
920 3226 1009 3274 totum
1033 3223 1123 3274 locum
1152 3223 1299 3287 Fulgentii
1327 3224 1358 3275 in
1389 3229 1493 3280 nostro

320 3310 886 3376 'l'ractatned.2.p.506.note2.)dlternm
902 3317 1009 3365 textum
1021 3311 1190 3389 adducit(ex
1202 3314 1490 3379 fragmentoXXXV.

320 3409 418 3458 eontra
438 3400 616 3471 Fabianum),
632 3403 681 3454 nbi
701 3404 774 3454 siout
794 3403 822 3453 in
843 3402 1001 3468 fragmento
1021 3404 1139 3456 XXVII.
1157 3404 1238 3470 {saulo
1266 3409 1333 3456 ante
1361 3419 1378 3457 s
1406 3405 1491 3460 nobis

322 3486 464 3558 descripto
484 3491 598 3564 dicitnr:
618 3511 630 3538 c
647 3492 732 3542 Deam
755 3491 867 3543 Putrem
888 3506 943 3544 non
965 3493 1054 3545 totins
1085 3493 1240 3545 Trinitatis
1259 3491 1304 3563 (nt
1333 3486 1490 3559 Fulgen'tio

321 3583 547 3649 exprobraverat
565 3578 730 3648 Fabianus),
747 3579 795 3632 sed
815 3581 886 3633 Filii
906 3586 935 3634 et
947 3582 1074 3648 Spiritus
1087 3584 1185 3636 Sancti
1200 3582 1322 3634 fatemur
1336 3591 1489 3652 auctorem,

322 3673 355 3724 ds
373 3689 427 3740 quo
443 3675 524 3726 dotet
539 3679 563 3722 st
578 3671 745 3737 semipartitos
757 3672 851 3723 Filias
865 3680 994 3724 aeternae
1012 3673 1183 3734 nativitatis,
1195 3681 1220 3724 st
1232 3673 1356 3738 Spiritus
1369 3677 1491 3730 Sanetus

322 3770 452 3813 aeternas
466 3760 653 3826 processionis
672 3761 820 3826 oripirsem.
836 3781 848 3807 n
866 3762 936 3814 Heio
953 3763 1094 3814 uacarios
1114 3761 1258 3829 abrumpit
1276 3765 1490 3819 snsmoitatio·

322 3870 395 3919 nem;
410 3853 539 3919 sequitur
557 3853 631 3904 enim
652 3850 779 3903 studiose
798 3851 899 3903 Russls
917 3851 1082 3905 occultanda
1102 3850 1256 3904 declaratio
1275 3851 1427 3918 Fulgentii
1447 3871 1490 3908 sa·

322 3943 393 4009 dem,
409 3949 440 3997 ut
458 3944 487 3994 in
509 3942 577 3994 eliis
596 3941 676 4007 locis,
689 3957 719 3993 eo
733 3944 795 4009 ipso
816 3940 889 4008 qnod
910 3942 1003 3994 Filius
1022 3946 1066 3995 est
1080 3942 1159 3993 Patri
1173 3943 1443 4007 consubstantialis,
1459 3944 1490 3997 in

322 4034 500 4104 processione
520 4032 646 4099 Spiritus
666 4033 763 4085 Sancti
778 4048 793 4084 a
807 4033 893 4084 Patre
907 4031 1037 4096 intelligi
1052 4031 1258 4099 processionem
1271 4031 1358 4084 ctiam
1373 4049 1389 4086 a
1402 4034 1488 4087 Filio.

319 4124 416 4178 Verba
436 4124 584 4188 Fulgentii
603 4122 763 4175 immediate
784 4123 932 4188 sequentia
947 4122 982 4174 ab
994 4122 1149 4189 impostore
1163 4137 1315 4188 suppressa
1328 4122 1397 4177 haec
1412 4131 1486 4181 sunt:

325 4213 461 4268 «Unitns
480 4222 568 4264 actem
586 4215 729 4271 naturalis
747 4219 900 4267 creatorem
920 4213 1026 4266 Filium
1046 4212 1082 4266 de'
1108 4218 1233 4265 creatore
1261 4213 1345 4265 Patre
1364 4216 1488 4269 naturali

323 4301 480 4354 nativitate
500 4303 628 4355 insinuat
647 4302 805 4369 exstitisse,
820 4307 849 4354 et
868 4310 1016 4355 erectorem
1038 4303 1176 4370 Spiritum
1201 4304 1334 4355 Sassiam
1354 4303 1388 4354 ds
1406 4303 1487 4356 Potrs

324 4391 458 4460 Filioque
469 4392 619 4458 prossdsrs
634 4413 646 4441 s
662 4394 683 4446 l.
694 4407 718 4446 o.
733 4409 761 4460 p.
776 4391 838 4446 652.
