3158 4980
319 372 324 384 ,
695 310 871 374 -231-

200 418 323 488 Sancti
346 443 368 486 a
389 418 498 489 Patre
521 420 559 483 in
583 419 680 486 Filio
703 419 809 486 etiam
833 417 1008 507 cyrillum
1023 416 1215 499 Athanasii
1232 439 1366 487 succes·

199 551 310 598 sorem
333 528 371 597 in
393 529 480 614 loco,
507 551 605 623 quem
628 529 738 598 citavi
762 552 868 618 supra
883 552 916 617 p.
935 527 1011 596 154.

264 638 340 705 Iam
356 649 438 707 vero
458 646 533 706 tota
546 639 646 707 fraus
659 638 867 706 Latinorum
882 660 985 729 quam
996 635 1261 706 Zoernikawius
1274 640 1311 704 et
1324 657 1366 705 ax

198 768 237 815 eo
252 746 430 815 Macarius
453 747 638 833 obiiciunt,
656 748 700 815 ad
714 746 777 814 hoc
790 768 897 813 unum
913 746 1107 830 reducitur,
1127 746 1216 838 quod
1232 744 1369 813 latinus

197 853 373 944 interpres
397 855 434 922 in
468 855 621 926 editione
654 854 850 922 Basileensi
874 862 909 923 et
942 855 1140 945 antiquiore
1174 851 1368 921 Parisiensi

200 962 371 1032 formulae
395 987 437 1030 ea
462 964 532 1030 soie
555 965 593 1029 in
616 962 795 1053 splendore
818 963 1004 1031 substituit
1026 962 1178 1031 altarum
1194 987 1236 1029 ea
1251 963 1321 1029 sole
1337 976 1369 1029 et

199 1071 400 1159 splendore,
437 1095 498 1140 seu
521 1073 639 1162 potius
673 1072 765 1141 illud
790 1095 831 1138 en
853 1072 922 1139 sole
945 1073 983 1139 in
1006 1069 1185 1161 splendore
1222 1072 1366 1140 brevius

200 1181 373 1271 expressit
396 1181 699 1249 circumscribens:
726 1204 768 1247 en
789 1196 948 1271 atroque·
971 1181 1082 1251 vertit
1104 1180 1196 1250 enim
1220 1180 1264 1249 ad
1288 1202 1365 1248 seu·

200 1309 275 1354 sum
299 1288 436 1356 omnino
459 1288 666 1357 rectissime:
695 1312 805 1358 acum
828 1311 896 1356 non
918 1295 993 1357 tres
1017 1288 1107 1357 soles
1130 1288 1175 1356 ad
1192 1310 1369 1378 compara-

199 1399 328 1467 tionem
352 1399 576 1485 adducamus,
595 1399 654 1468 sed
673 1401 813 1469 unicum
828 1400 946 1486 solem,
974 1401 1118 1493 eiusque
1135 1402 1363 1492 splendorem,

198 1520 229 1573 et
252 1531 294 1574 en
318 1522 462 1599 atroque
485 1508 591 1574 lacem
608 1507 887 1598 procedentem‚n
907 1510 964 1580 vel
982 1512 1088 1599 (apud
1109 1511 1363 1580 Bellarmiuum

198 1616 241 1685 de
265 1615 405 1685 Christo
429 1617 453 1684 l.
469 1616 565 1687 H.c.
583 1618 642 1704 25)
668 1642 870 1711 canamque
892 1643 933 1686 en
957 1619 1115 1686 ambobus
1139 1621 1256 1689 lacem.
1278 1648 1294 1684 n

267 1728 298 1810 c)
321 1724 530 1793 Simillimus
553 1727 788 1816 praecedenti
822 1727 921 1796 locus
956 1733 1074 1796 exstat
1107 1727 1144 1796 in
1177 1728 1371 1797 Athanasii

196 1831 352 1921 epistola
374 1831 405 1901 I.
430 1832 475 1900 ed
499 1833 721 1922 Serapionem
743 1859 778 1902 u.
799 1833 920 1920 lte-21,
952 1859 994 1910 ex
1023 1858 1090 1926 quo
1121 1835 1292 1904 nonnulla
1315 1838 1371 1905 de·

198 1940 406 2030 scripsimus
440 1941 478 2008 iu
511 1941 628 2010 Tract.
655 1943 697 2010 de
721 1943 820 2011 Triu.
848 1944 914 2010 Th.
943 1942 1117 2012 XXXIII.
1139 1968 1172 2033 p.
1197 1945 1276 2012 468.
1303 1945 1371 2013 Sed

201 2045 365 2135 quoniam
388 2043 565 2112 Macarius
587 2046 625 2113 in
648 2046 724 2135 ipso
740 2046 804 2115 hoc
820 2047 1021 2117 testimonio
1037 2047 1227 2116 Athanasii
1240 2072 1270 2118 s.
1284 2048 1373 2117 Tho-

204 2174 296 2219 mam
328 2153 547 2244 corruptelae
577 2161 742 2239 accusat,
768 2162 951 2224 contextos
975 2151 1105 2225 iterum
1129 2155 1240 2225 oculis
1263 2156 1372 2225 subii-

200 2262 350 2331 ciendus
372 2269 437 2349 est,
464 2270 505 2332 ut
528 2262 573 2350 (si
594 2263 672 2332 fieri
694 2263 819 2354 possit)
843 2262 1034 2333 Photianos
1056 2267 1233 2356 poeniteat
1256 2265 1371 2335 crimi-

202 2370 372 2441 nationis.
661 2440 664 2445 4

270 2479 393 2550 «Fons
418 2486 453 2549 et
475 2480 538 2548 lux
561 2481 667 2550 Pater
691 2480 824 2549 dicitur
836 2481 900 2569 (1);
925 2481 1042 2550 Filius
1066 2504 1149 2553 vero
1166 2506 1243 2551 oum
1259 2484 1368 2553 refer·

200 2593 262 2657 tur
285 2589 329 2656 ad
353 2588 483 2657 iontem
506 2588 639 2657 dieitur
662 2588 807 2675 flavian
835 2612 911 2659 cum
935 2598 1051 2659 autem
1074 2590 1118 2659 ad
1133 2591 1245 2659 lucem
1262 2593 1369 2660 refer·
1435 2628 1438 2635 ·

200 2703 273 2782 tur,
299 2697 462 2786 splendor
485 2697 699 2786 appellatur.
714 2698 799 2786 Cum
823 2720 907 2787 ergo
923 2699 1031 2766 Pater
1047 2698 1096 2765 sit
1114 2698 1187 2777 lan,
1203 2706 1239 2767 et
1253 2699 1371 2768 Filius

201 2805 362 2891 splendor
384 2808 471 2888 eina·
494 2805 580 2875 licet
603 2805 708 2873 etiam
733 2807 771 2870 in
793 2807 891 2874 Filio
909 2808 1102 2896 perspicere
1126 2808 1312 2896 Spiritum,
1333 2811 1372 2872 in

203 2937 267 3003 pao
292 2913 590 2983 illuminamur....
606 2914 778 2983 Similiter
802 2920 844 2983 ut
866 2915 972 2983 Pater
995 2922 1050 2983 est
1067 2916 1167 3003 fons,
1192 2922 1229 2984 et
1251 2915 1372 2984 Filius

200 3021 327 3106 fluvias
349 3021 562 3112 appellatur,
589 3022 641 3091 ita
663 3023 835 3111 Spiritum
858 3023 967 3109 (seint
989 3026 1130 3113 apuam)
1152 3022 1263 3089 bibere
1285 3023 1370 3089 dici·

203 3129 396 3214 nnr(2)....
410 3130 544 3198 Deinde
568 3152 645 3199 cum
668 3130 800 3214 Pater,
827 3130 881 3198 uti
906 3131 1006 3199 docet
1029 3130 1175 3214 Paulus,
1202 3130 1297 3198 solus
1322 3133 1372 3198 sit

204 3238 339 3324 sapiens
351 3285 362 3319 ,
387 3236 505 3307 Filius
528 3243 583 3306 est
606 3241 677 3305 eins
700 3240 884 3326 Sapientia
896 3262 911 3319 ,·
941 3260 1020 3306 cum
1043 3243 1159 3307 autem
1181 3237 1299 3307 Filius
1324 3238 1371 3306 sit

203 3342 398 3433 Sapientia,
423 3368 485 3413 uos
507 3348 680 3436 Spiritum
703 3347 904 3434 Sapientiae
927 3345 1138 3436 accipientes
1160 3346 1294 3415 Filium
1309 3346 1372 3414 hu-

203 3448 320 3520 bemus
333 3452 444 3540 (3)....
458 3455 511 3522 Ee
542 3457 665 3521 iterum
695 3456 784 3520 siant
807 3453 924 3522 Filias
946 3477 1036 3545 qnae
1052 3453 1214 3542 faciebat
1241 3476 1369 3541 operaj

203 3561 344 3628 Patren
362 3563 484 3650 facere
508 3561 615 3630 dinis:
640 3564 745 3632 Pater
769 3562 808 3630 in
830 3584 883 3630 ma
900 3583 1040 3630 manens
1056 3561 1131 3652 ipse
1146 3561 1235 3631 facit
1253 3584 1369 3653 opera3

200 3668 336 3737 credite
360 3669 458 3755 mihi,
485 3671 568 3762 quia
591 3692 655 3760 ego
679 3671 716 3739 in
740 3669 846 3738 Patre
860 3660 905 3739 *et
927 3670 1033 3738 Pater
1056 3670 1093 3736 in
1117 3692 1181 3757 ma;
1211 3669 1372 3761 alioquin

272 3813 315 3890 (1)
333 3817 511 3873 Athanasius
530 3819 561 3875 in
581 3821 641 3872 toto
660 3819 785 3872 hocloco
803 3818 1030 3886 comparationes
1042 3833 1078 3870 ex
1092 3817 1189 3871 verbis
1204 3817 1368 3885 Scripturas

200 3906 361 3971 desumere,
376 3911 472 3961 textus
491 3924 584 3964 sacros
602 3909 634 3963 in
653 3909 778 3974 singulis
798 3908 899 3963 insiste
912 3907 1037 3976 adduam
1053 3908 1271 3977 ssdcompendii
1288 3925 1373 3963 causa

203 4013 251 4052 eos
268 3997 316 4050 hic
335 3998 502 4052 omittimus.

272 4083 315 4160 (2)
334 4093 386 4142 Tou
406 4110 489 4143 τοινυν
510 4109 606 4161 πατρος
636 4103 718 4160 paraq
739 4087 821 4153 ὄντος,
840 4108 885 4140 coo
913 4091 939 4141 ds
959 4085 1014 4143 daca
1041 4086 1261 4159 ἀπαυγασματος
1283 4087 1374 4154 dureo,

204 4178 303 4245 ἔξεστιν
320 4179 378 4250 ὁρᾳν
398 4201 441 4233 και
457 4176 482 4232 ἓν
503 4201 535 4249 τῳ
550 4180 596 4248 dep
613 4201 640 4232 ro
660 4199 773 4250 πνευμα,
787 4178 811 4231 ἓν
827 4177 844 4249 ᾤ
861 4175 1028 4250 φωτιζομεθα
1039 4183 1155 4233 ...nahas
1171 4184 1196 4232 δε
1212 4197 1257 4231 του
1273 4200 1373 4251 nespas

203 4289 299 4339 πηγης,
318 4289 363 4322 του
385 4274 411 4322 δε
432 4269 488 4323 deco
508 4290 630 4341 ποταμου
651 4277 804 4342 deproperas,
818 4288 899 4322 πινειν
918 4273 1054 4339 λεγομεθα
1074 4289 1103 4320 το
1118 4289 1232 4341 πνευμα.

270 4355 313 4433 (3)
332 4364 384 4413 Του
398 4381 497 4433 aanor
508 4381 588 4432 μονον
604 4374 688 4432 copon
709 4357 846 4421 ὁντος...ὁ
864 4356 917 4419 duos
933 4353 1004 4411 ἐστιν
1024 4356 1041 4417 n‘
1061 4372 1144 4428 copta
1157 4379 1247 4413 ...aaa
1268 4363 1295 4414 δι
1317 4358 1372 4414 deon

203 4443 275 4511 ὄντος
295 4469 341 4512 της
361 4463 465 4520 capsas,
484 4451 561 4524 ἑμεις
580 4471 685 4524 πνευμα
704 4462 800 4522 copres
820 4447 1016 4521 Xapdavosrsn'
1031 4469 1074 4502 ros
1096 4448 1150 4503 droa
1171 4445 1278 4522 ἔχομεν.
