3120 4988
695 389 733 404 ..
755 356 795 421 92
815 388 853 403 ..

194 463 272 530 licis
295 424 434 532 erudito
449 486 620 555 sanaeque
631 461 718 552 fidei
735 463 1008 552 confessionibus
1023 463 1180 546 elimato,
1198 463 1235 532 in
1252 468 1362 533 aeter-

191 594 316 642 num...
344 574 464 641 vivere
488 595 565 640 cum
589 573 736 640 Domino
753 571 872 640 valeat
896 571 1049 671 feliciter
1072 579 1319 661 regnatura.»

258 679 294 767 d)
319 679 415 762 Quae
438 680 618 748 adduntur
642 687 766 771 quarto
790 678 885 764 loco,
912 678 1004 746 nihil
1027 685 1111 747 sunt
1135 678 1235 748 aliud
1261 702 1363 772 quam

192 789 337 877 farrago
361 788 615 877 impudentium
640 787 910 871 mendaciorum,
931 793 971 854 ut
987 793 1126 855 constat
1148 811 1188 856 ex
1215 788 1262 856 iis
1279 792 1365 880 qua'a

189 897 481 988 praestruximus.
509 896 685 979 Quomodo
709 917 836 986 quaeso
859 918 880 963 a
903 895 1033 984 legatis
1056 896 1274 965 Francorum
1295 897 1365 986 pri·

190 1031 282 1076 mum
317 1006 561 1097 proponenda,
588 1028 630 1073 ex
654 1003 775 1071 allatis
799 1003 1012 1075 testimoniis
1036 1005 1305 1092 persuadenda,
1330 1009 1377 1087 et

190 1117 326 1186 demum
344 1117 424 1204 ficto
446 1112 666 1183 admittenda
689 1119 767 1181 erat
790 1134 810 1179 a
834 1112 1003 1181 Pontifice
1025 1112 1091 1180 illa
1115 1113 1293 1213 catholica
1308 1113 1365 1181 do-

191 1225 319 1307 ctrina,
346 1223 446 1292 cuius
471 1222 707 1290 definitionem
733 1223 953 1290 sesecundum
977 1221 1152 1291 Romanae
1168 1222 1364 1292 catholicae

191 1338 228 1400 et
250 1331 460 1421 apostolicae
482 1329 662 1398 Ecclesiae
697 1336 827 1398 rectam
852 1336 887 1397 et
916 1329 1156 1399 inviolabilem
1188 1331 1291 1399 fidem
1322 1330 1364 1398 ab

192 1440 284 1506 omni
309 1440 435 1507 mundo
458 1425 672 1507 tenendam»
698 1439 845 1528 ipsemet
867 1438 971 1527 paulo
988 1444 1069 1507 ante
1083 1439 1227 1507 miserat
1242 1441 1288 1508 ad
1302 1438 1364 1506 Ca·

192 1546 306 1615 nolum
329 1547 586 1637 imperatorem,
605 1570 682 1616 cum
706 1547 774 1614 imo
798 1547 882 1614 haec
899 1547 976 1636 ipsa
992 1548 1174 1615 Pontificis
1191 1548 1364 1637 professio

190 1661 228 1724 et
250 1655 408 1723 definitio
432 1654 543 1724 fuerit
560 1654 737 1744 proposita
753 1653 920 1738 Concilio,
936 1676 1039 1745 aquo
1055 1655 1166 1744 legati
1182 1655 1245 1723 isti
1263 1655 1364 1723 missi

191 1763 319 1833 eraut?
342 1765 393 1830 De
418 1763 645 1831 distinctione
670 1785 752 1831 vero
775 1763 871 1831 inter
894 1763 1076 1848 articulos,
1103 1787 1251 1855 quorum
1277 1763 1364 1832 tides

192 1870 362 1959 explicita
385 1869 434 1937 sit
459 1869 498 1936 dc
519 1872 719 1937 necessitato
747 1869 871 1953 medii,
896 1869 953 1939 vel
978 1869 1019 1938 de
1040 1875 1243 1938 necessitate
1260 1894 1364 1962 prce·

192 1982 281 2068 cepti
296 2029 306 2062 ,
323 1979 388 2048 nel
420 2001 487 2046 uon
512 2001 573 2068 pro
597 1981 755 2047 omnibus
788 1979 951 2047 fidelibus
975 1980 1016 2048 de
1047 1981 1255 2049 necessitate
1289 1980 1364 2048 sive

192 2087 298 2154 medii
321 2087 397 2156 sive
416 2089 606 2178 praecepti,
631 2088 684 2155 ita
709 2095 749 2155 ut
772 2087 858 2155 fides
882 2087 1056 2177 implicita
1080 2088 1245 2172 sufficiat,
1270 2087 1366 2155 nihil

192 2216 279 2283 opus
302 2204 356 2262 est
380 2194 483 2284 plura
513 2195 638 2263 dicere.
665 2193 842 2262 Macarius
872 2193 1078 2283 theologus,
1104 2194 1300 2287 Episcopus
1328 2199 1366 2263 et

191 2325 284 2370 nunc
307 2288 533 2390 Metropolita
548 2302 642 2391 apud
658 2315 754 2385 suos,
770 2302 886 2370 discat
901 2302 966 2371 illa
982 2325 1023 2371 ex
1040 2301 1251 2373 catechismo
1267 2303 1364 2390 (uide

192 2407 313 2477 Tract.
332 2409 373 2478 de
398 2409 535 2478 Tradit.
556 2409 623 2477 Th.
642 2409 809 2495 xxm).

259 2522 289 2604 e)
313 2518 481 2586 Remanet
504 2518 618 2603 illud,
646 2519 736 2610 quod
759 2519 934 2587 Macarius
958 2519 1105 2609 imponit
1126 2518 1294 2588 Pontifici
1320 2519 1361 2589 de

193 2626 368 2695 sententia
390 2627 549 2695 Petrum.
574 2625 738 2694 Insinuat
754 2650 886 2718 nempe,
907 2630 1014 2697 verba
1033 2628 1174 2714 Leonis,
1195 2639 1363 2699 «sanctos

191 2736 315 2805 Patres
340 2734 434 2801 istud
457 2759 524 2800 coo
547 2735 658 2801 micres
681 2737 778 2802 uobis
803 2737 1028 2821 intellecissc,
1046 2765 1062 2800 n
1081 2738 1365 2809 et‘nihilominus

190 2843 436 2934 professionem
452 2843 683 2934 processionis
707 2865 728 2911 a
750 2844 844 2914 Filio
867 2869 936 2914 nou
961 2847 1118 2936 posuisse
1134 2847 1171 2914 in
1188 2848 1360 2936 symbolo;

190 2951 275 3021 haec
300 2944 442 3044 inquam
466 2954 575 3022 verba
608 2953 733 3021 referri
758 2953 802 3022 ad
833 2953 952 3044 ipsum
980 2955 1129 3044 dogma,
1165 2955 1266 3047 quasi
1297 2939 1382 3025 Les>⁴

192 3060 360 3143 dixisset,
386 3061 510 3128 Patres
545 3060 669 3128 divina
700 3061 875 3150 sapientia
910 3062 1130 3131 illuminatos
1154 3063 1365 3152 mysterium

192 3167 383 3235 Trinitatis
406 3166 649 3253 intellexisse,
675 3191 736 3236 nec
760 3175 874 3237 tamen
899 3169 1081 3238 admisisse
1110 3170 1365 3258 processionem

193 3275 349 3364 Spiritus
372 3296 392 3341 a
414 3274 520 3344 Filio.
547 3275 598 3343 At
622 3276 817 3365 disputatio
841 3277 890 3345 ibi
915 3283 971 3344 est
986 3276 1256 3366 longediversa.
1273 3277 1363 3346 Pon·

191 3381 281 3450 tifex
306 3388 342 3450 et
364 3381 476 3471 legati
499 3382 713 3451 Francorum
738 3382 838 3472 plene
862 3385 1085 3451 consentiunt
1109 3384 1222 3475 qnoad
1258 3385 1364 3453 certi·

191 3490 349 3558 tudinem
375 3489 561 3579 dogmatis3
585 3514 627 3559 ex
650 3490 714 3559 hoc
739 3497 855 3559 autem
879 3492 955 3580 ipso
979 3500 1152 3582 quaerunt
1174 3491 1300 3580 legati,
1319 3513 1364 3560 an

191 3619 260 3665 nnn
285 3597 408 3665 merito
434 3595 604 3665 laudandi
634 3606 750 3666 esseut
772 3601 896 3667 Patres
921 3598 1082 3690 antiqui,
1109 3598 1139 3665 si
1163 3597 1253 3666 hanc
1277 3597 1364 3666 fidei

191 3706 377 3775 veritatem
401 3710 473 3773 tam
507 3713 637 3783 certam
660 3713 698 3773 et
721 3715 792 3772 tam
827 3707 1057 3773 necessariam
1092 3705 1248 3795 symbolo
1271 3704 1364 3775 inse·

191 3813 370 3881 ruissent?
393 3812 449 3882 Ad
473 3813 562 3880 hanc
587 3813 822 3905 quaestionem
837 3812 1030 3903 xrespondet
1053 3813 1217 3881 Pontifex
1243 3815 1366 3882 verbis

194 3941 215 3987 a
237 3918 390 3988 Macerio
414 3918 590 3989 truncatis
613 3925 650 3988 et
672 3926 775 3987 extra
799 3928 998 3988 contextum
1023 3919 1156 4004 citatis,
1182 3940 1219 3987 se
1240 3941 1366 4011 nempe

192 4050 260 4097 non
284 4028 413 4097 andere
437 4029 553 4096 dicere
576 4028 702 4095 Patres
726 4049 793 4095 non
816 4036 911 4096 recte
936 4029 1091 4096 facturos
1115 4027 1238 4111 fuisse,
1258 4026 1289 4095 si
1306 4050 1365 4097 ex·

189 4135 412 4227 plicationem
429 4134 587 4224 symbolo
611 4134 840 4222 addidissent;
859 4142 897 4202 at
912 4157 1022 4225 neque
1040 4133 1247 4224 reprehendi
1258 4130 1364 4223 'posse

192 4249 339 4316 formam
363 4247 513 4334 symboli
537 4268 558 4312 a
581 4245 748 4313 Patribus
775 4245 900 4329 fixam,
935 4245 1097 4336 quoniam
1128 4242 1247 4329 istud,
1273 4267 1374 4336 quae.

192 4354 331 4426 scilicet
353 4355 524 4423 veritates
546 4352 628 4420 fidei
660 4351 854 4440 oportuerit
877 4351 1034 4440 symbolo
1053 4351 1361 4441 comprehendere,

194 4483 281 4561 quas
304 4460 476 4548 omittere,
495 4458 618 4531 diviua
641 4457 815 4550 sapientia
838 4457 1032 4530 illuminati
1047 4481 1117 4529 non
1132 4459 1248 4529 minua
1260 4459 1363 4539 nobie
