3158 4980
694 297 876 361 482-

200 411 380 480 narchiam
395 432 462 477 non
475 409 544 477 nisi
560 415 687 499 negata
703 409 790 478 reali
804 410 1030 478 distinctione
1045 430 1270 499 personarum
1287 429 1358 476 cou-

200 521 325 588 sistere
341 543 438 609 posse
462 520 622 608 putabat.
647 519 728 587 Ideo
745 527 859 587 autem
884 519 1000 586 unitas
1017 517 1236 585 substantiae
1259 537 1362 605 eoque

200 628 275 716 ipso
290 627 409 696 unitas
426 630 635 718 operationis
650 640 685 697 et
702 628 946 696 dominationis
964 628 1125 696 consistit
1145 649 1222 694 cum
1239 624 1365 692 distin·

201 736 314 804 ctione
339 756 574 826 personarum,
590 737 672 828 quia
686 736 886 805 substantia
901 737 1022 803 divina
1047 758 1115 803 uua
1132 732 1364 803 indivisibilis

200 828 313 911 simul
329 855 383 912 est
405 847 715 932 communicabilis,
734 852 770 913 et
785 868 806 911 a
829 846 933 912 Patre
958 845 1234 912 communicatur
1258 841 1364 926 Filio,

200 973 220 1015 a
243 952 348 1020 Patre
371 959 409 1021 et
432 952 525 1021 Filio
542 977 708 1043 personae
731 955 857 1022 tertiae
881 954 1015 1040 (ordine
1032 951 1196 1041 originis)
1214 949 1367 1041 Spiritui

199 1055 349 1146 Sanct03
376 1061 451 1129 sine
475 1061 540 1129 hac
563 1062 654 1129 enim
684 1062 991 1130 communicatione
1015 1061 1237 1130 verissimum
1261 1067 1363 1142 esset,

200 1170 290 1259 quod
315 1172 455 1238 aiebant
479 1171 658 1254 haeretici,
678 1168 895 1238 substantias
911 1191 1044 1260 quoque
1060 1168 1179 1258 plures
1203 1190 1292 1250 esse,
1309 1166 1370 1233 ubi

199 1275 319 1363 plures
337 1286 421 1346 sunt
438 1278 626 1345 distinctae
642 1300 821 1367 personae.
840 1277 942 1345 Sicut
956 1283 1071 1344 autem
1090 1271 1275 1342 distinctio
1292 1297 1376 1363 per-

130 1475 133 1478 *
199 1406 362 1452 sonarum
385 1388 428 1452 ab
452 1385 640 1455 haereticis
664 1396 803 1476 negata,
830 1387 883 1453 ita
905 1385 1011 1454 etiam
1036 1384 1119 1452 haec
1148 1385 1376 1452 substantiae

199 1492 460 1560 communicatio
477 1504 615 1561 constat
636 1515 678 1561 ex
702 1495 777 1561 sola
800 1492 1011 1561 revelatione
1030 1491 1208 1560 Ecclesiae
1233 1492 1382 1558 tradita-

199 1608 236 1670 et
258 1602 294 1668 iu
318 1600 477 1670 Ecclesia
501 1603 689 1670 custodita.
715 1602 814 1670 Unde
833 1600 1076 1669 Tertullianus
1098 1600 1135 1666 in
1151 1598 1387 1668 revelatione,

198 1702 349 1777 unitatis
365 1718 400 1777 et
417 1709 655 1778 distinctionis
673 1711 798 1779 videus
813 1709 984 1777 inclusam
1008 1707 1260 1776 revelationem
1280 1729 1388 1774 com-

198 1818 445 1886 municationis
470 1820 704 1903 substantiae,
732 1827 914 1909 utramque
938 1817 1055 1885 eodem
1080 1817 1177 1883 modo
1200 1817 1384 1904 proponit

198 1948 238 1993 ao
262 1926 419 2023 defendit
434 1927 603 1995 adversus
620 1926 827 1995 haereticos.
846 1925 1048 1993 Absurdum
1065 1946 1148 2012 ergo
1165 1929 1222 1990 est
1237 1924 1377 2008 dicere,

203 2032 462 2101 Tertullianum
486 2034 747 2103 distinctionem
772 2034 909 2124 quidem
928 2055 1152 2122 personarum
1166 2031 1274 2099 simul
1291 2054 1382 2099 cum

201 2141 338 2209 unitate
362 2143 582 2211 substantiae
605 2144 773 2233 reperisse
790 2144 828 2210 in
844 2142 1036 2211 traditione
1053 2140 1264 2224 christiana,
1281 2163 1389 2209 com-

200 2248 466 2317 municationem
486 2272 568 2317 vero
592 2250 824 2334 substantiae,
843 2250 887 2318 de
911 2273 979 2341 qua
1002 2249 1118 2317 eodem
1142 2249 1243 2316 modo
1260 2271 1304 2317 ac
1328 2249 1376 2316 de

199 2355 264 2422 illa
288 2356 487 2425 monarchia
510 2358 681 2448 loquitur,
699 2366 735 2426 et
751 2359 827 2425 sine
851 2379 919 2448 qua
935 2355 1136 2424 monarchia
1152 2379 1222 2423 non
1246 2356 1374 2423 catho-

199 2464 269 2531 lica
292 2465 351 2533 sed
375 2465 555 2533 Praxeana
593 2466 809 2534 admittenda
832 2466 935 2548 foret,
962 2463 1125 2531 habuisse
1149 2487 1218 2531 non
1244 2472 1285 2532 ut
1310 2465 1365 2532 do·

200 2570 349 2637 otriuam
373 2572 600 2656 revelationis
623 2579 658 2641 et
683 2572 885 2641 traditionis
921 2571 1158 2655 christianae,
1184 2571 1246 2638 sed
1276 2593 1365 2638 mere

200 2684 241 2744 ut
264 2679 457 2766 opinionem
480 2680 725 2769 theologicam.
752 2679 793 2746 In
818 2678 906 2747 hanc
931 2679 1184 2746 absurditatem
1213 2700 1282 2745 uon
1306 2702 1359 2745 ar-

199 2788 458 2875 gumentatione
475 2786 606 2879 aliqua,
625 2788 684 2856 sed
708 2811 800 2857 mere
816 2788 1010 2856 arbitraria
1026 2786 1257 2855 affirmatione
1273 2787 1361 2856 Lan·

199 2917 265 2982 gen
289 2894 428 2963 incidit.

264 3001 406 3070 Recitat
419 3002 612 3070 doctrinam
626 3000 852 3068 Tertulliani.
873 3000 970 3082 «Qui
986 3000 1118 3069 Filium
1132 3023 1201 3068 non
1218 3001 1360 3070 aliunde

200 3107 331 3175 deduco
355 3108 413 3175 sed
437 3109 478 3176 de
492 3109 691 3176 substantia
707 3109 868 3177 Patris...
897 3109 1063 3198 quomodo
1081 3131 1219 3197 possum
1237 3108 1279 3176 de
1298 3109 1362 3177 fide

200 3216 239 3302 (i.
259 3238 289 3283 e.
308 3215 372 3283 hac
396 3215 462 3282 fide
494 3216 680 3301 catholica)
705 3217 885 3283 destruere
918 3217 1176 3300 monarchiam,
1214 3240 1318 3307 quam
1343 3238 1363 3283 a

199 3321 302 3389 Patre
325 3320 419 3388 Filio
444 3322 612 3390 traditam
636 3323 672 3389 in
695 3321 788 3388 Filio
812 3322 938 3390 servo?
961 3323 1035 3390 Hoc
1070 3322 1157 3389 mihi
1179 3331 1215 3390 et
1239 3326 1278 3390 in
1296 3331 1366 3391 ter-

200 3428 290 3496 tium
313 3429 461 3517 gradum
486 3429 616 3497 dictum
641 3428 700 3512 sit,
720 3430 803 3518 quia
827 3427 998 3518 Spiritum
1021 3453 1089 3496 uon
1113 3429 1257 3498 aliunde
1276 3439 1362 3520 puto

201 3559 302 3627 quam
327 3561 348 3603 a
370 3539 478 3604 Patre
499 3561 559 3625 per
576 3538 743 3605 Filiam.»
764 3537 900 3604 «Omne
917 3537 1007 3627 quod
1031 3537 1147 3626 prodit
1171 3561 1211 3605 ex
1229 3538 1363 3629 aliquo,

200 3645 389 3713 secundum
414 3647 461 3713 sit
484 3646 559 3714 eius
583 3668 719 3714 necesse
743 3653 796 3712 est
819 3645 860 3713 de
884 3666 951 3735 quo
974 3645 1104 3734 prodit,
1128 3666 1195 3712 non
1221 3647 1299 3714 ideo
1316 3655 1365 3714 ta·

201 3774 275 3820 men
301 3759 354 3820 est
377 3760 576 3842 separatum
592 3752 655 3839 (1).
681 3752 859 3822 Secundus
883 3757 998 3819 autem
1024 3752 1082 3820 ubi
1099 3760 1164 3836 est,
1180 3752 1249 3820 duo
1265 3762 1361 3840 sunt,

272 3884 312 3960 (1)
331 3890 418 3941 Paulo
437 3890 568 3956 superius
588 3889 721 3942 dixeratr
744 3908 757 3935 a·
771 3889 867 3942 Sermo
885 3883 1035 3961 (Verbum)
1053 3892 1082 3941 et
1100 3888 1131 3940 in
1151 3889 1237 3942 Patre
1255 3906 1367 3958 semper

199 3975 254 4048 (lo.
270 3977 346 4031 XIV.
363 3975 422 4049 10.)
441 3984 471 4032 et
488 3979 563 4046 apud
582 3980 670 4031 Deum
688 3993 798 4044 semper
815 3974 870 4050 (Io.
885 3979 908 4029 Ι.
927 3974 977 4048 1.),
999 3982 1028 4030 et
1046 3993 1196 4045 numquam
1215 3988 1366 4048 separatus

200 4068 322 4119 aPatre
341 4072 391 4121 aut
411 4069 487 4121 alius
505 4068 592 4140 (alius
611 4070 699 4136 Deus,
722 4085 771 4122 seu
792 4063 884 4138 aliud)
904 4083 920 4119 a
938 4068 1041 4135 Patre,
1069 4069 1136 4135 quia
1162 4085 1212 4135 eqo
1237 4078 1262 4120 et
1282 4073 1366 4123 Pater

199 4171 286 4208 anam
304 4172 393 4209 ramae
409 4179 422 4206 n
446 4156 499 4231 (Io.
520 4159 556 4210 X.
571 4153 639 4227 30.).
661 4159 786 4210 Interius
805 4174 828 4211 c.
846 4159 898 4209 22:
916 4177 928 4204 a
944 4157 1025 4210 anci
1044 4158 1093 4224 qui
1111 4173 1168 4210 non
1187 4158 1310 4214 videant
1311 4199 1363 4214 .....

199 4261 290 4297 ramae
307 4261 363 4297 non
378 4261 411 4298 ex
424 4248 507 4300 unius
526 4264 586 4300 esse
605 4263 735 4315 persona,
751 4247 825 4315 quod
838 4247 991 4314 pluraliter
1011 4246 1116 4300 dictum
1137 4251 1190 4315 est;
1213 4252 1272 4301 tum
1291 4249 1365 4316 quod

199 4351 287 4386 caum
306 4349 419 4404 sumus,
446 4351 503 4390 nou
519 4352 593 4390 aaa·
612 4352 704 4392 eumue
707 4373 763 4391 .....
783 4336 912 4391 ostendit
927 4336 998 4407 duos
1017 4353 1095 4406 ease,
1121 4354 1190 4406 quoe
1211 4345 1317 4408 aequat
1334 4347 1363 4396 et

199 4423 336 4493 iungit.»
