3120 4988
687 342 724 354 -
747 309 805 372 269
827 341 862 354 -

261 411 478 501 Simpliciter
495 415 605 503 ipsam
631 417 815 484 veritatem
835 417 1063 485 christianam
1080 417 1268 485 enuntiant
1283 417 1366 486 Tar-

188 519 382 603 tullianus,
409 521 591 611 Origenes,
618 523 811 612 Gregorius
835 525 1093 607 Nazianzenus,
1112 524 1284 591 Paulinus
1300 524 1369 593 No-

192 627 298 694 lanus
315 631 495 713 (dhristus
515 634 711 700 «coelestia
736 634 823 701 dona
846 619 1016 721 profudit,
1033 634 1206 720 Spiritum
1222 633 1266 698 ab
1287 633 1369 700 Uni-

188 763 280 826 peoa
293 742 454 809 Sanctam
471 756 502 808 et
517 742 626 808 Patre
637 741 891 830 procedentem»
910 741 1029 829 Migne
1044 740 1086 807 Τ.
1101 739 1196 807 LXI.
1211 763 1246 827 p.
1258 738 1367 826 650),

189 845 260 914 Leo
284 846 330 930 I.,
356 847 544 917 Maximus
1161 926 1164 931 ,

259 956 289 1038 o)
313 955 421 1022 Porro
447 954 482 1021 in
508 955 594 1042 ipsis
618 954 705 1022 locis
729 976 749 1019 a
773 955 954 1042 Langenio
972 953 1094 1022 citatis
1115 953 1368 1041 processionem

189 1084 252 1148 per
269 1061 402 1127 Filiam
427 1066 490 1129 aut
507 1086 528 1127 a
545 1062 641 1128 Filio
666 1071 709 1128 ut
732 1061 924 1129 articulum
940 1061 1103 1129 credendi
1117 1062 1292 1149 dogmatis
1310 1062 1367 1129 vel

191 1166 228 1232 in
254 1166 426 1254 symbolis
450 1172 485 1234 et
509 1166 785 1254 professionibus
803 1165 884 1232 fidei
910 1167 967 1233 vel
984 1166 1117 1233 diserta
1130 1166 1367 1234 declaratione

192 1276 397 1363 praedicant
421 1276 614 1365 Gregorius
647 1275 961 1362 Thaumaturgus,
987 1276 1123 1342 Marius
1149 1275 1366 1359 Victorinus,

191 1383 412 1473 Epiphanius
426 1385 488 1471 (1),
500 1385 657 1454 Concilio
670 1383 852 1465 Toletena,
862 1383 1056 1471 symbolum
1070 1382 1366 1467 Athanasianum,

193 1553 271 1604 ciliis
285 1551 443 1616 Hispaniae
463 1551 655 1603 insistebatur
674 1549 828 1615 explicitae
848 1549 1022 1616 professioni
1041 1549 1168 1615 Spiritus
1187 1549 1370 1615 procedentis

195 1659 212 1692 o
225 1642 310 1692 Patre
322 1642 465 1706 Filioque,
487 1641 562 1692 ratio
581 1644 611 1692 et
628 1641 737 1692 occasio
758 1644 821 1692 orta
841 1642 902 1692 erat
921 1655 957 1691 ex
976 1639 1090 1691 haeresi
1108 1641 1368 1708 Priscillianorum,

196 1733 244 1797 qui
263 1730 340 1783 haud
360 1746 441 1783 secus
460 1745 492 1782 ac
513 1729 672 1783 Sabelliani
703 1731 807 1781 realem
837 1744 1021 1796 personarum
1045 1727 1262 1782 distinctionem
1283 1723 1368 1795 nega·

195 1821 265 1873 bant
284 1818 363 1894 (vida
377 1819 460 1872 (ione.
475 1819 608 1871 Toletani
622 1820 645 1871 1.
666 1833 727 1871 ean.
744 1819 770 1872 2.
785 1809 811 1871 3.
825 1819 851 1872 4.
873 1819 1003 1871 Harduin
1018 1819 1050 1872 Τ.
1065 1820 1089 1871 Ι.
1105 1836 1133 1885 p.
1147 1815 1234 1888 993.).

265 1906 306 1982 (1)
325 1910 488 1976 Symbolum
514 1911 545 1962 in
565 1910 702 1963 Ecclesiis
721 1910 912 1962 orientalibus
927 1900 975 1962 ¹ad
1002 1909 1221 1975 explicationem
1243 1910 1367 1976 symboli

197 2000 514 2065 Constantinopolitani
526 2014 577 2066 pro
587 2000 796 2062 catechumenis
810 1999 943 2065 usurpari
957 1998 1082 2064 solitum,
1099 1997 1173 2064 quod
1186 1999 1368 2064 Epiphanius

197 2092 343 2157 describit,
356 2095 385 2143 et
400 2090 433 2142 de
449 2105 502 2157 quo
517 2090 548 2141 in
562 2090 655 2142 Traot.
670 2089 703 2142 de
714 2091 796 2143 Trin.
815 2090 902 2141 Thasi
916 2090 1078 2159 XXXVIII.
1099 2105 1150 2142 nos
1167 2090 1286 2158 egimus,
1297 2092 1371 2143 Lan·

198 2182 302 2247 genius
315 2195 424 2247 quoque
435 2180 560 2247 adducit,
575 2181 816 2247 interpretatione
831 2185 925 2233 tamen
945 2183 1021 2232 certe
1035 2180 1126 2247 iales,
1141 2184 1213 2248 quae
1227 2185 1272 2233 est
1284 2180 1371 2234 etiam

198 2271 369 2323 Petaviana.
383 2272 491 2323 'l'extus
509 2271 552 2322 ita
563 2270 665 2323 habet:
687 2291 729 2321 και
745 2265 780 2330 ἔις
794 2291 822 2321 το
837 2270 913 2339 cipro-r
932 2288 1035 2340 πνευμα
1051 2289 1210 2340 πιστευομεν
1215 2306 1268 2323 .....
1291 2269 1370 2332 inrue

200 2365 225 2414 δε
246 2379 403 2430 πιστευομεν
426 2359 450 2412 ἐν
471 2360 554 2427 dorp,
575 2359 613 2412 ὁτι
635 2359 691 2411 ἔστι
712 2379 816 2429 crecope
835 2357 1037 2430 &praestruenda
1053 2358 1124 2425 beon,
1141 2381 1245 2431 πνευμα
1261 2366 1371 2426 redelor,

201 2470 306 2520 πνευμα
325 2455 501 2520 superbiisse,
521 2449 655 2510 οἷκτιστον,
675 2445 701 2500 ἔκ
722 2469 767 2501 του
788 2470 887 2519 carpos
909 2445 1120 2520 ἕκπορευομενον,
1140 2471 1181 2502 και
1203 2449 1229 2502 ἔκ
1249 2471 1292 2503 του
1315 2451 1370 2504 dion

197 2539 400 2608 λαμβανομενον
414 2559 455 2589 και
470 2559 667 2606 πιστευομενσνι.
680 2543 843 2609 Πιστευομε)
858 2537 893 2597 εἰς
904 2559 968 2608 μιαν
980 2544 1120 2595 ambederat
1135 2561 1177 2591 και
1189 2538 1370 2605 ἆποστολικην

197 2625 350 2683 iactarier.
380 2628 414 2678 In
435 2626 563 2680 editione
581 2627 740 2681 Potaviana
759 2629 901 2680 vertitur:
932 2629 1005 2681 «Ita
1030 2643 1115 2694 porro
1141 2645 1192 2682 nos
1218 2631 1249 2681 in
1273 2631 1367 2696 ipsum

196 2717 347 2783 credimus,
370 2718 510 2784 Spiritum
522 2735 583 2771 esse
598 2724 734 2784 sanctum,
756 2721 807 2772 Dei
821 2719 962 2786 Spiritum
966 2758 1018 2773 .....
1036 2738 1053 2771 a
1066 2722 1152 2772 Patre
1161 2723 1365 2787 procedentem,

197 2808 376 2874 accipientem
395 2828 412 2860 o
424 2812 513 2875 Filio,
534 2813 565 2862 ia
579 2829 657 2877 qoem
678 2812 847 2865 credimus.»
867 2815 992 2878 Langen‘
1005 2814 1079 2866 hano
1097 2815 1367 2881 interpretationem

197 2900 341 2965 sequitur;
362 2915 471 2967 verum,
493 2901 598 2967 inquit,
623 2901 723 2958 «illud
739 2924 780 2952 zer
797 2923 985 2972 πιστευομενον
1002 2904 1112 2955 nullum
1127 2903 1215 2957 babet
1227 2906 1367 2961 sincerum

198 3003 325 3055 sensum,
348 2990 489 3057 siquidem
509 2992 566 3042 iam
586 2994 672 3043 antea
692 2991 796 3044 dictum
816 2995 896 3044 erat:
922 2993 965 3043 ita
983 2993 1015 3043 in
1024 2992 1125 3060 ciprum
1144 2994 1296 3060 credimua,·
1323 3014 1368 3051 su-

199 3079 340 3145 spicamur
360 3080 474 3133 librarii
495 3096 637 3144 errorem,
665 3083 694 3131 et
720 3081 870 3144 legendum
889 3097 950 3134 esse
971 3103 1146 3152 praecoepere,
1174 3085 1248 3150 quod
1272 3086 1307 3138 ad
1328 3103 1369 3140 se·
1458 3080 1462 3092 '

198 3169 317 3235 quentia
340 3169 374 3230 εἰς
394 3193 456 3239 μιαν
478 3177 617 3225 recreasse-r
639 3191 680 3221 και
703 3165 884 3226 οἷποστολικην
906 3168 1049 3226 {retectas
1074 3174 1257 3238 pertineat.»
1280 3175 1369 3243 Atqui

197 3260 263 3312 buia
277 3262 448 3312 correctioni
468 3263 546 3313 locus
560 3276 621 3312 esse
635 3261 755 3325 nequit;
775 3261 807 3311 in
822 3261 955 3326 sequenti
975 3261 1049 3313 enim
1069 3263 1162 3315 inciso
1180 3264 1236 3316 iam
1256 3280 1371 3331 expres-

198 3364 260 3399 sum
279 3348 401 3400 babetur
422 3369 591 3418 nrersoapse.
618 3350 750 3400 Pertinet
769 3363 834 3412 ergo
854 3348 975 3401 incisum
999 3371 1042 3401 και
1064 3372 1252 3422 πιστευομενον
1273 3354 1372 3407 certis-

197 3440 268 3489 sime
282 3437 317 3489 ed
331 3440 470 3504 Spiritum
484 3431 626 3491 Sanctum.
648 3439 733 3490 Porro
749 3438 823 3490 sicut
836 3440 948 3505 reliqua
959 3439 1139 3507 praedicata,
1157 3441 1230 3507 quod
1245 3443 1372 3509 Spiritus

197 3530 243 3578 est
260 3536 381 3589 sanctae,
402 3527 524 3591 Spiritus
542 3526 605 3588 Dei,
621 3527 773 3593 perfectae,
790 3525 961 3593 paracletus,
982 3530 1133 3591 increatae,
1156 3522 1187 3580 ea
1206 3532 1291 3582 Patra
1304 3549 1371 3597 pro·

197 3616 308 3678 cedens,
331 3633 348 3664 o
367 3617 447 3666 Filio
469 3616 621 3680 accipiens,
643 3616 686 3667 ita
705 3616 855 3669 evidenter
874 3619 960 3669 etiam
980 3619 1121 3684 ultimum,
1136 3621 1264 3685 proxime
1278 3626 1307 3674 et
1326 3623 1369 3673 in-

197 3707 267 3758 time
288 3721 390 3757 nexum
401 3722 461 3758 oum
477 3705 663 3758 antecedente
681 3706 843 3771 «accipiens
858 3715 884 3757 et
900 3708 1049 3771 creditam
1065 3710 1220 3761 constituit
1235 3710 1372 3764 obiectam

198 3795 274 3861 qaod
295 3796 427 3850 creditor.
458 3797 511 3847 Est
529 3799 623 3849 autem
648 3796 800 3848 evidenter
819 3796 973 3849 absurdum
993 3796 1105 3864 dicere,
1131 3802 1163 3850 ut
1187 3800 1218 3849 in
1239 3802 1372 3855 versione

198 3883 294 3936 edita:
311 3886 446 3937 credimus
458 3887 594 3951 Spiritum
608 3903 661 3937 esec
675 3885 820 3940 creditam.
837 3886 912 3949 Quid
926 3902 991 3950 ergo
1006 3887 1165 3952 agendum?
1184 3889 1266 3942 Nihil
1279 3891 1368 3955 alind,

198 3975 259 4027 nisi
278 3976 409 4052 utverba
429 3978 492 4029 sine
515 3978 697 4030 truncatione
720 3977 938 4044 relinquantur;
961 3993 1025 4028 nam
1052 3993 1187 4044 praesens
1215 3994 1315 4044 graeca
1335 3984 1374 4036 le-

199 4066 257 4120 ctio
286 4067 478 4120 olarissimum
503 4068 592 4119 habet
619 4083 733 4120 sensum
759 4066 841 4118 illum
865 4067 994 4119 omnibus
1019 4068 1155 4120 Patribus
1183 4084 1370 4122 communem:

202 4156 366 4210 «oredimus
382 4156 520 4223 Spiritum
534 4158 677 4224 Sanctum,
699 4156 749 4222 qui
765 4156 805 4207 eit
823 4171 857 4206 ex
870 4158 955 4208 Patre
969 4156 1134 4224 procedens,
1150 4162 1236 4225 atque
1251 4177 1282 4210 ea
1295 4163 1375 4212 Filio

200 4247 337 4311 accipiens
356 4244 471 4316 et(esae)
490 4247 646 4298 creditam
669 4246 808 4298 Nimirum
830 4245 905 4298 illud
926 4263 957 4297 ec
970 4247 1049 4298 Filio
1069 4247 1195 4301 refertur
1214 4248 1250 4302 ad
1270 4255 1377 4304 utrum·

199 4352 259 4402 que
276 4336 469 4401 praedicatum
488 4352 661 4389 connexum:
684 4337 822 4401 occipiens
841 4347 867 4387 et
880 4337 1000 4387 creditae
1019 4353 1051 4386 ea
1064 4338 1153 4390 Filio.
1173 4340 1216 4390 Ex
1231 4354 1288 4407 qua
1300 4355 1374 4404 sym-

201 4426 261 4479 boli
281 4425 402 4479 formula
422 4425 602 4493 Epiphanius
621 4425 653 4478 in
667 4425 762 4478 eodem
782 4426 857 4478 libro
875 4425 1014 4480 Ancorati
1034 4443 1063 4482 n.
1078 4426 1122 4480 67.
1137 4443 1215 4481 suam
1231 4431 1377 4495 expressit
