3120 4988
699 310 736 324 -
756 277 815 343 305
836 310 874 324 -

192 384 260 453 hic
283 384 491 454 brevissime
525 385 805 476 perstringemus
837 384 1130 456 contradictiones
1162 385 1200 452 in
1224 384 1379 456 diatriba

199 493 446 583 Langeniana.

268 604 303 688 a)
327 599 520 693 Tamquam
543 600 738 670 articulum
756 600 839 670 fidei
862 602 1040 672 revelatae
1063 599 1100 667 in
1125 601 1285 692 symbolo
1301 625 1380 692 pro·

198 731 327 800 ponere
354 735 370 768 a
386 708 583 798 opinionem
606 708 882 798 theologicam„
908 709 945 778 in
970 709 1126 798 deposito
1149 709 1382 781 revelationis

200 839 271 885 non
295 822 508 902 contentam,
526 818 604 886 iure
621 817 743 887 divino
760 819 859 887 nefas
883 825 950 902 est,
968 839 1031 887 neu
1056 817 1129 885 sine
1146 817 1283 887 haeresi
1301 818 1380 888 fieri

201 931 330 1018 potest.
360 926 454 1009 Quia
478 948 561 996 vero
585 925 789 1016 magisterio
812 927 993 996 Ecclesiae
1016 926 1054 993 in
1072 926 1236 1012 docendo,
1251 934 1287 996 et
1303 928 1381 997 uni·

202 1057 324 1104 uersae
346 1033 527 1103 Ecclesiae
551 1033 588 1102 in
613 1034 783 1104 credendo
807 1035 1000 1124 promissus
1023 1041 1059 1103 et
1082 1034 1210 1103 missus
1231 1042 1285 1103 est
1301 1034 1382 1125 Spi-

202 1144 295 1213 ritus
319 1142 488 1212 veritatis
512 1164 654 1211 manens
683 1143 722 1211 in
745 1149 948 1227 aeternum,
974 1143 1104 1213 idcirco
1140 1144 1315 1234 susceptio
1345 1152 1382 1216 et

202 1249 374 1342 professio
399 1248 554 1319 alicuius
589 1249 736 1319 articuli
764 1250 802 1319 in
829 1250 1021 1340 «symbolo
1053 1251 1301 1320 oecumenicos
1327 1259 1383 1321 est

202 1363 450 1449 argumentum
475 1357 666 1427 infallibile
691 1357 844 1427 omnium
868 1359 1199 1445 luculentissimum,
1224 1382 1298 1428 eam
1314 1384 1382 1431 non

203 1490 278 1537 esse
305 1496 322 1530 u
337 1465 534 1555 opinionem
559 1469 745 1537 dumtaxat
772 1466 1050 1558 theologicam»
1077 1469 1137 1536 sed
1161 1469 1299 1538 omnino
1323 1491 1382 1538 ve-

203 1576 347 1646 ritatem
371 1575 565 1645 revelatam
589 1576 657 1645 fide
681 1575 805 1644 divina
828 1576 1047 1646 credendam.

260 1683 336 1752 .Ius
364 1689 400 1751 et
427 1684 624 1753 auctoritas
647 1682 863 1775 proponendi
886 1685 924 1753 in
948 1684 1106 1774 symbolo
1131 1683 1303 1753 veritates
1326 1707 1379 1754 re·

202 1793 341 1864 velatas
369 1815 437 1860 non
466 1792 589 1862 differt
617 1815 637 1860 a
665 1793 742 1861 iure
767 1791 955 1862 definiendi
982 1793 1153 1862 veritates
1180 1790 1273 1878 fidei,
1300 1792 1381 1863 hoo-

206 1923 274 1992 que
297 1921 366 1969 non
391 1900 514 1971 differt
536 1921 558 1967 a
581 1899 660 1969 iure
683 1899 887 1969 authentice
918 1899 1063 1969 docendi
1091 1899 1292 1968 universam
1315 1898 1381 1969 Ec·

202 2007 357 2078 clesiam.
383 2008 435 2077 lis
465 2029 549 2098 ergo
582 2007 741 2078 omnibus
770 2014 806 2076 et
828 2007 914 2077 eolis
937 2007 994 2077 ius
1021 2012 1076 2076 est
1103 2007 1279 2078 divinitus
1310 2009 1378 2078 cul·

202 2116 316 2186 latum
340 2138 403 2206 pro
427 2115 594 2184 universa
618 2115 780 2186 Ecclesia
801 2114 1017 2205 proponendi
1043 2113 1082 2182 in
1106 2114 1264 2205 symbolo
1288 2116 1379 2186 veri-

202 2230 296 2293 tates
319 2223 508 2308 revelatas,
536 2222 664 2314 quibus
687 2222 864 2292 divinitus
887 2222 1089 2293 iniunctum
1111 2230 1167 2293 est
1186 2223 1243 2291 ius
1258 2229 1295 2293 et
1311 2225 1380 2293 offl-

202 2332 295 2402 cium
318 2330 521 2400 authentice
545 2328 692 2398 docendi
716 2328 918 2399 universam
935 2328 1145 2399 Ecclesiam.
1172 2329 1246 2398 Hoc
1261 2335 1379 2424 autam

202 2441 259 2510 ius
282 2446 319 2508 et
336 2438 492 2508 'officium
515 2441 597 2528 post
618 2436 807 2526 Apostolos
830 2436 960 2505 nemini
985 2435 1153 2507 collatum
1170 2443 1224 2505 est
1239 2437 1309 2505 nisi
1327 2438 1381 2509 vi-

201 2546 300 2617 sibili
322 2553 454 2637 petrae,
474 2545 711 2616 confirmatori
735 2546 901 2630 fratrum,
920 2546 1055 2635 pastori
1071 2546 1183 2616 totius
1198 2545 1379 2615 Ecclesiae

201 2653 338 2722 Christi
363 2652 441 2722 sive
465 2659 622 2744 spectato
638 2676 701 2744 per
717 2675 792 2723 sese
806 2653 846 2721 in
861 2653 1034 2723 relatione
1055 2654 1099 2723 ad
1123 2659 1234 2723 totam
1257 2653 1379 2723 Eccle-

204 2763 305 2847 siam,
324 2762 368 2831 ad
386 2762 648 2863 fraternitatem
663 2783 751 2854 quae
767 2762 805 2830 in
822 2763 949 2832 mundo
965 2767 1031 2848 est,
1043 2763 1088 2830 ad
1106 2762 1378 2832 universitatem

200 2870 913 2957 oviumsustentandam,confirmandam,
928 2871 1148 2961 pascendam:
1166 2869 1222 2938 uin
1239 2870 1305 2938 hac
1322 2893 1381 2960 pe-

200 2985 259 3049 tra
274 2979 465 3051 aedificabo
488 2978 685 3049 Ecclesiam
701 3001 845 3066 meam3n
865 3007 881 3040 a
896 3001 960 3069 ego
973 2984 1090 3048 autem
1104 2977 1230 3067 rogavi
1248 3000 1312 3068 pro
1328 2986 1375 3065 te,

202 3094 243 3157 ut
265 3111 334 3156 non
354 3087 501 3159 'deficiat
526 3087 612 3157 fides
635 3091 700 3156 tna
721 3089 775 3176 (in
798 3110 953 3172 munere,
976 3088 1077 3157 cuius
1101 3086 1275 3155 iniunctio
1300 3108 1379 3155 con·
1424 3168 1429 3174 ,

200 3197 384 3282 nectitur),
402 3201 440 3265 et
455 3202 495 3265 tu
511 3196 703 3287 aliqnando
726 3217 917 3274 conversus
932 3194 1098 3264 confirma
1114 3196 1245 3265 fratres
1261 3201 1374 3283 tuosp

204 3326 327 3395 «pasce
339 3327 422 3373 oves
436 3325 541 3389 meas,
555 3326 656 3394 pasce
669 3325 779 3394 agnos
790 3325 917 3390 meos;n
927 3303 1003 3372 sive
1016 3302 1121 3372 simul
1136 3310 1293 3394 spectata
1302 3326 1379 3372 cum

201 3413 391 3502 suocapite
412 3417 448 3480 et
465 3414 531 3482 sub
554 3411 751 3501 suocapite
775 3411 992 3481 successione
1017 3412 1220 3502 apostolica,
1235 3412 1299 3481 hoo
1323 3421 1378 3481 est

200 3525 278 3588 tota
292 3518 452 3588 Ecclesia
463 3519 607 3588 docente
623 3519 681 3613 vel
697 3519 858 3610 dispersa
870 3519 927 3588 vel
943 3523 1208 3609 repraesentata
1223 3518 1260 3586 in
1278 3541 1377 3588 oecu-

199 3627 334 3696 menico
347 3626 515 3695 Concilio:
536 3653 551 3686 α
568 3626 726 3716 Spiritus
739 3627 905 3706 veritatis
922 3633 963 3695 ut
979 3633 1118 3695 maneat
1135 3626 1314 3695 vobiscum
1338 3627 1375 3694 iu
1420 3664 1424 3670 ·
1482 3661 1487 3669 s

201 3742 416 3822 aeternamm
434 3740 489 3802 «et
500 3757 577 3804 ecce
589 3757 653 3824 ego
666 3735 846 3805 vobiscum
860 3758 937 3804 sum
948 3735 1111 3803 omnibus
1127 3734 1250 3803 diebus
1266 3756 1375 3826 usqne

202 3847 245 3914 ad
262 3841 592 3915 consummationem
608 3841 754 3929 saeculi,
767 3868 784 3903 n
813 3848 877 3910 cet
899 3843 975 3932 ipse
998 3842 1139 3911 dedit...
1154 3847 1315 3931 pastores
1338 3849 1376 3911 et

200 3956 361 4025 doctores
377 3951 421 4019 ad
439 3952 769 4020 consummationem
794 3955 993 4020 sanctorum
1013 3949 1049 4016 in
1066 3970 1153 4040 opus
1169 3949 1372 4037 ministerii,

200 4062 239 4130 in
262 4059 538 4129 aedificationem
555 4059 710 4149 corporis
724 4057 873 4142 Christi,
892 4058 999 4129 donec
1016 4078 1239 4125 occurramus
1255 4048 1372 4125 omncs

201 4170 241 4238 in
264 4168 437 4238 unitatem
461 4165 588 4254 fldei3n
615 4165 803 4235 «Ecclesia
824 4165 891 4235 Dei
915 4166 993 4235 vivi
1016 4165 1176 4235 columna
1199 4174 1234 4235 et
1258 4166 1373 4235 firma·

203 4284 359 4345 mentum
382 4274 593 4343 veritatis.»
618 4273 713 4342 Haec
735 4279 811 4342 tota
834 4273 957 4343 divina
988 4275 1172 4346 institutio
1204 4276 1373 4347 subversa

203 4389 269 4468 est,
296 4405 382 4473 opus
405 4381 540 4453 Christi
564 4380 793 4471 redemptoris
816 4386 852 4450 et
874 4381 1076 4452 fundatoris
1091 4383 1283 4470 sublatum,
1296 4384 1371 4453 ina·

264 4521 426 4571 lammis.
444 4521 482 4571 De
496 4519 731 4585 pretermittas
747 4517 841 4568 sust.
1260 4520 1291 4571 tt
