3120 4988
727 268 842 334 -'l7l
866 301 904 317 -

221 360 393 460 gentibus
409 371 538 461 legatis
551 374 715 443 Romanis
728 378 790 447 diu
802 379 840 445 iu
855 377 989 448 oriente
1005 376 1251 453 auctoritatem
1269 376 1396 448 habuit

224 482 327 551 velut
350 490 475 550 octava
500 485 732 556 oecumenica.

292 592 343 659 De
367 592 500 680 synodo
522 591 770 678 Foroiuliensi,
797 615 885 685 quae
908 594 947 662 in
970 617 1078 684 regno
1094 593 1212 663 Caroli
1235 595 1283 662 Μ.
1310 592 1396 662 eele-

225 699 329 767 breta
350 708 405 766 est
429 693 647 789 potissimum
670 701 721 770 ad·
749 702 914 770 tuendam
949 703 1175 771 insertionem
1200 701 1397 792 particulae

225 805 390 898 Filioque
412 806 449 874 iu
474 808 643 897 symbolo,
670 818 774 898 prout
798 832 838 877 ea
862 833 922 900 per
945 810 1111 882 ecclesias
1135 834 1319 900 regnorum
1334 811 1397 878 Ca·

208 913 294 1015 sroli
310 914 380 1024 iam
397 915 530 1004 pridem
547 916 762 1001 invaluerat,
777 926 813 985 et
828 917 870 985 de
886 918 1201 1018 senteutiaLeonis
1218 918 1285 988 ΙΙΙ.
1305 917 1398 985 nihil

209 1026 313 1111 'opus
335 1031 390 1091 est
413 1024 540 1110 dicere,
567 1048 643 1094 eum
668 1025 704 1093 iu
728 1025 839 1094 citata
863 1027 971 1116 Thesi
996 1027 1106 1112 XLI,
1125 1036 1161 1096 et
1184 1028 1228 1097 ad
1251 1025 1399 1096 Pontifi-

225 1151 299 1198 cem
323 1130 469 1216 Leonem
493 1132 584 1222 quod
619 1137 774 1222 spectat,
800 1133 904 1201 etiam
938 1137 1102 1224 superius
1126 1135 1164 1204 in
1193 1134 1259 1203 hae
1283 1132 1398 1222 opella
1461 1184 1468 1189 -

224 1237 370 1308 fraudes
393 1239 645 1311 Photianorum
668 1244 757 1311 satis
777 1230 931 1312 detectae
956 1244 1092 1312 fuerint
1115 1266 1155 1312 ao
1179 1242 1393 1310 confutatae.

226 1438 336 1506 duplici
356 1442 519 1506 negatione:
535 1444 664 1496 Ecclesia
683 1445 841 1498 orthodoxa
859 1455 899 1499 est
917 1447 981 1510 illc,
997 1462 1069 1514 quus
1087 1453 1174 1513 aequi
1196 1444 1398 1512 processionem

225 1530 348 1596 Spiritus
364 1533 465 1584 Sunuci
482 1550 500 1584 a
518 1534 607 1598 Filio,
623 1543 649 1586 et
662 1536 814 1600 primatum
836 1539 958 1590 Romani
977 1535 1134 1602 Pontifices.

288 1622 348 1673 Iam
368 1623 503 1677 coniicias
523 1639 636 1692 quaeso,
653 1627 770 1692 quantis
790 1627 940 1680 fraudibus
960 1628 1121 1680 necessario
1141 1623 1280 1690 agendum
1296 1623 1336 1676 sit
1349 1621 1398 1676 ho·

226 1709 308 1778 mini,
325 1712 375 1779 qui
394 1728 454 1765 cum
475 1713 583 1782 duplici
603 1717 658 1769 illa
677 1718 829 1782 negatione
850 1717 935 1770 simul
954 1718 1024 1770 haec
1043 1718 1100 1769 tria
1120 1715 1257 1783 explicite
1285 1712 1397 1780 profite-

225 1802 285 1854 tur.
300 1802 330 1871 a)
344 1802 480 1856 Concedit
499 1809 529 1857 et
547 1805 698 1859 concedere
725 1807 846 1873 cogitur,
863 1808 965 1859 saltem
997 1821 1083 1873 usque
1113 1805 1149 1858 sd
1177 1805 1317 1858 saeculum
1345 1800 1397 1854 IX.

226 1892 327 1944 labens
348 1895 499 1948 Romanam
518 1896 672 1949 Ecclesiam
693 1898 782 1950 luisse
802 1913 896 1951 ueram
916 1897 1082 1963 Ecclesiam,
1103 1897 1148 1948 oui
1172 1899 1324 1963 propterea
1349 1887 1397 1943 ad-

227 1982 377 2037 scribenda
396 1990 440 2038 est
459 1986 553 2039 eadem
574 1987 629 2040 illa
647 1986 752 2054 duplex
771 1989 987 2055 negatio,vslut
1004 1987 1137 2054 proprius
1151 1986 1300 2039 character
1313 1993 1398 2035 serae

226 2073 379 2129 Ecclesiae.
404 2072 432 2146 b)
449 2077 610 2143 Profltstur,
626 2078 780 2132 Ecclesiam
800 2093 895 2132 reram
914 2094 975 2132 csse
999 2077 1186 2130 infallibilem
1215 2077 1245 2129 in
1274 2070 1399 2127 docendo

227 2167 255 2215 st
272 2164 513 2231 credendopunds
534 2182 646 2220 necessa
665 2172 711 2221 est
729 2168 921 2221 demonstrare
942 2173 1030 2220 tetam
1058 2167 1212 2220 Ecclesiam
1240 2163 1399 2218 occidentis
1486 2155 1490 2163 ’

227 2257 255 2306 at
273 2256 397 2310 orientis
409 2271 498 2324 usque
518 2257 552 2310 ad
569 2260 708 2312 saeculum
721 2260 771 2311 IX.
788 2257 924 2326 explicite
936 2258 1065 2312 docuisse
1080 2263 1109 2310 et
1122 2256 1277 2311 credidisse
1291 2258 1398 2307 utrum-

228 2357 280 2409 que
299 2346 372 2399 illud
394 2346 494 2412 dogma
514 2348 670 2402 Photianas
690 2349 862 2416 negationis;
876 2351 972 2415 agitur
991 2350 1064 2401 enim
1086 2347 1119 2400 dd
1139 2347 1268 2412 dogmate
1299 2343 1398 2397 chara-

227 2435 374 2512 cteristico
393 2452 486 2490 verae·
498 2437 651 2505 Ecclesiae,
666 2437 789 2505 adeoque
809 2440 913 2506 quavis
933 2441 1029 2492 aetate
1049 2437 1179 2504 explicite
1206 2433 1345 2490 credendo
1368 2434 1399 2487 et

228 2521 360 2592 docendo,
377 2533 583 2594 cousequenter
602 2528 799 2595 reperiendum
820 2534 874 2596 sst,
890 2545 985 2582 omnes
998 2545 1045 2583 eos
1058 2530 1106 2596 qui
1121 2542 1208 2594 usque
1222 2525 1257 2579 sd
1270 2525 1321 2581 lx.
1337 2538 1397 2577 sas·

225 2618 316 2670 culum
339 2616 488 2671 docuerint
508 2622 553 2672 vel
575 2621 781 2686 processionem
800 2619 926 2687 Spiritus
945 2621 1043 2674 Sancti
1063 2636 1079 2673 a
1098 2621 1182 2672 Patre
1199 2619 1328 2684 Filioque
1348 2615 1396 2669 vel

220 2707 377 2768 primatum
389 2708 517 2761 ⁴Romani
538 2710 695 2776 Pontiflois,
716 2710 831 2763 habitos
850 2710 941 2762 luisse
961 2715 993 2762 ut
1012 2715 1143 2784 extorres
1162 2709 1197 2760 ab
1217 2706 1345 2760 Ecclesia
1367 2709 1398 2757 et

219 2797 393 2850 manifestos
409 2798 579 2851 haereticos.
601 2799 628 2868 e)
648 2801 826 2853 Protestatur
845 2801 995 2865 Macarius,
1017 2793 1202 2852 traditionem
1227 2811 1283 2849 uon
1302 2794 1396 2846 minus

215 2899 304 2956 quam
317 2887 494 2953 scripturam
513 2904 575 2942 esse
586 2890 760 2957 thesaurum,
775 2892 804 2942 iu
822 2905 877 2956 quo
894 2889 1053 2957 depositum
1068 2887 1134 2939 fidei
1147 2888 1288 2950 integrum
1307 2881 1397 2935 contl-

211 2985 337 3032 neatur.
347 2978 498 3045 Hineopus
512 2980 539 3030 ei
550 2984 595 3031 est
611 2980 771 3047 ostendere,
783 2980 814 3033 iu
826 2980 1000 3032 documentis
1011 2977 1179 3031 traditionis
1190 2990 1280 3043 usque
1292 2973 1327 3026 ad
1337 2987 1396 3026 sae·

206 3072 311 3123 aulum
322 3069 374 3120 IX.
382 3069 596 3121 affirmationem
606 3072 754 3137 utriusque
765 3069 847 3122 illius
859 3069 999 3133 dogmatis
1009 3084 1063 3120 uon
1072 3065 1223 3131 contineri,
1232 3064 1281 3117 sed
1292 3064 1322 3116 ln
1333 3077 1396 3115 eou-

203 3170 307 3212 tensu
320 3155 548 3212 documentorum
561 3161 704 3213 contineri
717 3160 865 3226 utriusque
881 3161 1072 3224 negationem.
1088 3160 1127 3210 lle
1145 3156 1232 3208 etiam
1242 3169 1308 3207 vera
1327 3152 1396 3206 hasa

185 3251 319 3304 'omnia
339 3250 432 3302 cuivis
447 3250 567 3315 homiui,
590 3250 638 3317 qui
656 3265 784 3317 umquam
800 3249 967 3302 documenta
985 3246 1172 3315 antiquitatis
1196 3250 1224 3298 et
1244 3243 1395 3297 historiam

202 3339 445 3396 eeclesiasticam
464 3341 512 3392 uel
532 3340 622 3406 primo
642 3339 752 3394 intuitu
767 3339 938 3407 inspexerit,
953 3338 1104 3392 evidenter
1115 3336 1239 3389 absurda
1253 3333 1394 3388 llaoarius

200 3432 281 3487 nui-s
303 3431 406 3482 Russis
434 3429 656 3484 demonstranda
674 3431 805 3496 suscipit.
829 3431 898 3493 Quis
920 3445 987 3494 ergo
1008 3430 1134 3494 miretur,
1157 3427 1224 3480 huic
1243 3424 1394 3491 impostori

199 3523 295 3576 sicut
315 3520 438 3586 reliquis
457 3520 609 3572 Photianis
628 3522 659 3572 in
674 3519 866 3587 perversione,
886 3520 1078 3584 truncatione,
1094 3518 1295 3582 occultatione,
1311 3514 1396 3566 abus·

199 3611 340 3678 geticus
358 3606 587 3661 documentorum
607 3625 638 3662 sc
654 3613 782 3661 textuum
798 3623 868 3674 opus
884 3608 972 3661 luisse
987 3607 1113 3660 fallaciis
1129 3605 1294 3670 maioribus,
1313 3616 1395 3670 quam

197 3699 294 3768 ipsis
315 3699 557 3765 Protcstantibus,
576 3699 625 3765 qui
644 3702 842 3752 auctoritatem
862 3697 1006 3769 Ecclesiae
1030 3700 1059 3748 et
1087 3695 1255 3750 traditionis
1286 3693 1397 3759 simpli·

188 3794 293 3848 viter,
314 3789 500 3842 inficiuntur?
514 3791 573 3841 Has
592 3791 724 3843 fallacias
741 3791 832 3857 quoad
848 3772 1005 3842 ddctriuam
1022 3788 1055 3839 de
1070 3787 1249 3854 processione
1270 3785 1396 3850 Spiritus

189 3879 324 3935 *Sancti
342 3879 372 3930 ln
392 3885 488 3932 nostro
508 3881 641 3933 Tractatu
662 3886 691 3932 et
710 3881 740 3932 in
760 3880 905 3946 praesenti
926 3880 1068 3946 opusculo.
1085 3879 1158 3930 satis
1188 3876 1395 3929 demonstravi·

156 4021 158 4023 .
207 3985 293 4035 nus,
309 3967 343 4020 de
363 3967 493 4034 dogmate
507 3978 600 4023 autom
617 3970 768 4036 primatus,
784 3977 882 4022 contra
896 3968 968 4035 quod
985 3970 1047 4034 ille,
1066 3967 1166 4020 silleri
1180 3970 1285 4034 potest,
1303 3965 1395 4020 adhue

211 4060 417 4128 impudentius
445 4061 593 4127 mentitur,
619 4076 692 4112 nunc
716 4060 799 4112 uobis
827 4058 941 4110 dicendi
968 4060 1044 4111 loeus
1073 4074 1129 4110 nou
1153 4064 1208 4112 est.
1233 4057 1336 4110 confer
1359 4056 1395 4109 ul.

210 4149 254 4203 1³.
267 4150 385 4202 Ioannis
405 4150 531 4213 augarus
551 4149 783 4202 dissertationem
801 4169 812 4195 u
834 4149 874 4200 De
900 4149 1136 4212 l’enseiguement
1156 4146 1189 4199 de
1205 4146 1234 4197 la
1248 4144 1391 4209 theologie

200 4238 296 4292 susus
318 4223 434 4304 l'Eglise
454 4254 533 4292 russe
557 4225 678 4313 (E'tudes
698 4254 749 4305 par
769 4240 811 4291 les
830 4238 884 4291 P-P.
905 4237 1006 4290 Daniel
1022 4243 1051 4290 et
1072 4237 1209 4302 ngarim
1223 4235 1255 4288 Τ.
1275 4235 1299 4286 1.
1315 4252 1342 4301 p.
1368 4233 1393 4284 1.

215 4327 304 4396 sqq),
319 4338 348 4382 st
361 4331 481 4384 alteram
496 4331 570 4385 «aes
585 4334 757 4400 stsrovtrss,
773 4312 892 4394 l'E'gliss
910 4343 989 4383 russo
1004 4332 1034 4382 et
1046 4330 1074 4383 lc
1086 4329 1188 4399 Papo»
1208 4324 1294 4399 (ibid.
1305 4325 1337 4378 Τ.
1352 4321 1392 4376 11.

224 4421 407 4496 eosne-l·
