3120 4988
729 285 907 350 -191—

302 393 462 485 Apparet
484 393 544 463 hic
566 393 705 478 iterum,
722 391 915 462 Macarinm
930 390 1031 460 nulla
1052 390 1176 459 habita
1198 390 1334 460 ratione
1350 389 1404 458 hi·
1451 479 1457 489 ,

230 501 363 572 storias
393 509 429 571 et
460 501 743 570 documentorum
774 499 849 568 suis
881 499 1055 583 alumnis,
1082 497 1251 567 confisum
1285 519 1404 567 eorum

228 609 445 700 ignorantia,
471 609 656 699 propinare
680 606 851 699 quidquid
874 605 1133 676 mendaciorum
1156 605 1194 674 in
1216 605 1322 674 libris
1345 628 1404 696 po-

226 715 366 785 lemicis
389 737 473 784 suae
495 721 610 784 sectae
634 721 678 802 (e.
704 739 740 803 g.
758 713 834 784 Nili
858 712 1008 796 Rhodii,
1035 713 1116 806 viole
1143 711 1259 780 Marsi
1282 713 1400 781 XVII.

226 847 265 913 p.
282 823 378 910 371.)
402 822 573 913 scriptum
596 821 740 912 reperit.
759 820 1061 911 operaepretium
1086 843 1154 888 non
1178 821 1323 911 putavit
1338 842 1400 891 nec

227 954 294 1021 pro
317 930 392 998 suis
415 928 605 998 lectoribus
628 927 863 998 necessarium
880 949 1047 1019 quaerere
1062 927 1105 996 de
1120 927 1218 996 modo
1236 934 1272 996 et
1289 928 1401 996 forms

228 1045 269 1106 et
291 1038 332 1106 de
349 1037 423 1105 nde
446 1040 630 1104 anctorum
653 1035 690 1106 in
705 1035 775 1104 isto
793 1035 977 1104 uOoncilio
993 1041 1278 1125 repraesentante
1291 1041 1401 1105 totam

227 1145 424 1215 Ecclesiam
448 1144 743 1232 oecumenicam3n
770 1143 854 1234 quid
879 1145 916 1211 in
941 1143 1115 1212 mandatis
1139 1133 1341 1228 habuerint,
1366 1149 1403 1212 et

229 1254 316 1346 quid
340 1252 377 1319 in
400 1253 592 1341 coegerint
615 1252 727 1340 legati
742 1251 956 1320 Pontificio?
973 1251 1058 1341 qnid
1075 1250 1241 1319 Pontifex
1258 1251 1300 1320 de
1314 1253 1400 1321 Con-

228 1363 313 1432 cilio
336 1360 411 1450 ipso
434 1367 470 1428 et
492 1360 534 1428 de
557 1359 632 1428 suis
657 1359 788 1448 legatis
802 1358 1043 1428 iudicaverit?
1061 1357 1229 1450 quomode
1244 1357 1401 1429 Concilio

227 1468 313 1538 anni
329 1468 408 1536 867.
425 1466 545 1536 adesse
569 1466 749 1555 potuerint
761 1465 873 1555 legati
886 1464 1028 1534 Ioannis
1041 1464 1144 1552 VIII,
1158 1464 1220 1557 qui
1236 1466 1400 1535 Pontifex

227 1582 370 1648 creatus
398 1581 452 1645 est
482 1575 538 1644 die
563 1575 616 1644 14.
644 1576 843 1644 Decembris
866 1575 960 1657 872?
983 1575 1035 1643 De
1068 1574 1124 1644 his
1148 1575 1262 1645 dicam
1294 1575 1400 1667 paulo

226 1685 413 1776 prolixius,
440 1706 542 1776 quam
565 1705 729 1774 praesens
751 1683 849 1752 locus
873 1683 1081 1773 postularet,
1097 1688 1139 1752 ut
1153 1703 1195 1751 ex
1212 1683 1400 1754 fraudibus

226 1800 264 1864 et
279 1793 490 1884 corruptelis
506 1793 679 1862 inauditis
694 1792 813 1861 Photii
828 1796 866 1861 et
880 1792 1145 1876 Photianorum,
1161 1814 1249 1883 quae
1267 1793 1395 1860 consti-

228 1909 336 1973 tnunt
357 1904 434 1994 ipsa
457 1901 671 1972 incunabula
686 1901 797 1971 totius
819 1900 1031 1985 schismatis,
1051 1899 1185 1969 clarina
1204 1901 1395 1991 perspicia·

228 2006 1399 2102 tur,quoiurePhotiani·deLatinoruminterpolationibustragoa·

229 2117 304 2186 dias
327 2117 481 2185 excitent
504 2116 540 2183 in
565 2115 725 2206 sequenti
750 2115 902 2183 sectione
926 2135 949 2181 a
976 2113 1077 2181 nobis
1101 2114 1361 2183 examinandas.

293 2224 328 2293 1⁰
352 2224 438 2293 Tria
461 2221 695 2313 congregavit
718 2222 868 2291 Photins
891 2220 1099 2307 latrocinia,
1125 2243 1213 2314 qnae
1237 2224 1352 2290 omnia
1375 2242 1397 2289 a

228 2332 301 2401 suis
324 2331 512 2423 aliquando
535 2331 630 2400 dicta
653 2336 737 2399 sunt
756 2327 944 2398 «Consilia
959 2329 1188 2398 oecumenica.
1204 2354 1221 2393 n
1239 2329 1396 2398 Primum

224 2459 315 2507 anno
338 2438 415 2508 861.
442 2445 478 2508 et
501 2438 652 2509 alterum
675 2458 765 2505 anno
789 2437 867 2506 867.
894 2436 1020 2506 habuit
1050 2437 1088 2504 in
1112 2457 1178 2506 sua
1204 2437 1320 2528 prima
1342 2439 1395 2506 in-

224 2544 369 2613 vasione
392 2543 485 2614 cedis
507 2543 927 2633 Constantinopolitanae,
946 2544 1093 2612 tertium
1116 2563 1208 2614 anno
1231 2545 1392 2612 879880.

217 2649 262 2720 in
286 2650 512 2740 usurpatione
529 2652 692 2720 secunda.
710 2650 908 2721 Annesel.
927 2656 967 2720 ut
983 2653 1253 2723 conmutientem
1270 2654 1395 2725 hahere

217 2757 406 2827 videretur
429 2755 550 2825 Sedem
565 2756 815 2846 Apostolicam,
834 2759 1076 2847 praesentibus
1099 2759 1230 2848 legatis
1247 2782 1268 2827 a
1283 2760 1395 2830 latere

210 2863 427 2934 Rhadoaldo
444 2864 629 2934 Portuensi
646 2870 683 2932 et
698 2863 871 2933 Zacharia
885 2865 1074 2955 Anagnino
1090 2866 1287 2957 Episcopis‚
1307 2891 1393 2959 quos

158 3061 163 3066 Π
210 2995 249 3043 a.
269 2973 439 3043 Nicolans
462 2973 481 3040 Ι
503 2973 647 3041 miserat
681 2993 760 3040 cum
783 2972 960 3041 mandatis
985 2973 1216 3053 ,examinandi
1240 2978 1394 3043 tantum·-

208 3080 320 3150 modo
343 3079 446 3148 etad
469 3079 671 3154 Pontificem
695 3079 871 3148 referendi
903 3101 1042 3149 oausam
1067 3080 1186 3148 Photii
1219 3081 1393 3150 invasoris

186 3193 257 3257 -et
279 3185 417 3276 Ignatii
440 3186 676 3278 patriarchae,
695 3186 758 3256 ille
781 3187 1015 3276 congregavit
1030 3186 1096 3255 318
1118 3187 1321 3278 Episcopes,
1340 3196 1392 3256 at·

213 3316 286 3387 que
309 3294 347 3361 in
371 3296 436 3362 hac
460 3315 524 3365 sua
547 3294 680 3382 synodo
710 3295 888 3384 corruptis
917 3294 1050 3383 legatis
1072 3300 1110 3364 et
1133 3295 1268 3364 nefarie
1292 3302 1391 3363 trun·

214 3403 311 3472 catis
334 3423 374 3470 ac
398 3401 623 3490 interpolatis
647 3401 780 3470 litteris
803 3401 998 3486 Pontificio,
1024 3425 1053 3471 s.
1070 3403 1252 3493 Ignatium
1270 3403 1392 3472 multis

213 3509 436 3579 cruciatibus
459 3509 624 3579 affectum
646 3531 665 3578 e
688 3509 769 3578 sede
794 3509 1025 3599 patriarchali
1040 3512 1200 3601 -expulit
1223 3533 1391 3603 suamque

209 3692 304 3744 meme
323 3707 359 3745 en
378 3693 459 3759 parle
478 3694 507 3745 et
526 3693 568 3745 les
588 3691 705 3758 designa
729 3708 783 3759 par
811 3694 874 3746 lent
899 3708 972 3760 nom,
997 3697 1026 3745 at
1055 3692 1126 3748 dans
1155 3697 1229 3748 cette
1261 3694 1390 3748 occasion

212 3782 377 3835 :solennelle
396 3785 413 3834 a
431 3782 580 3848 l'exampls
599 3781 632 3835 de
652 3785 716 3835 tons
735 3783 778 3835 les
797 3787 895 3837 autres
914 3784 1071 3836 assistente
1089 3784 1129 3836 ils
1149 3785 1310 3838 donnercnt
1328 3785 1392 3837 laur

207 3873 286 3925 woix
305 3888 407 3926 comme
427 3873 571 3926 snitzcela
590 3873 739 3942 sstjnsta;
756 3887 811 3940 qne
830 3874 888 3926 l'on
915 3888 951 3927 na
977 3888 1104 3942 composa
1133 3876 1197 3942 plns
1227 3890 1282 3928 nne
1307 3879 1389 3929 antra

207 3961 305 4026 Itala*
316 3960 349 4013 de
368 3961 419 4014 foi.
435 3961 575 4015 Macarius
595 3961 616 4014 l.
631 3976 655 4014 c.
670 3978 701 4028 p.
714 3959 777 4013 584.
792 3959 854 4015 585.

288 4051 381 4105 Verba
408 4050 599 4105 conciliabuli
625 4050 685 4117 legi
709 4054 830 4117 possunt
855 4048 886 4103 in
913 4053 996 4104 textu
1023 4065 1122 4117 graeco
1147 4053 1222 4120 apud
1247 4052 1389 4106 Manslnm

197 4131 247 4188 'a
265 4137 356 4192 XVII.
371 4157 399 4207 p.
414 4139 477 4192 516.
491 4139 633 4193 Macarius
648 4141 679 4192 iu
692 4155 743 4193 sna
756 4140 899 4208 versione,
921 4146 954 4194 ut
972 4142 1056 4210 solet,
1072 4157 1105 4194 aa
1117 4156 1168 4209 pro
1187 4143 1281 4196 lubitu
1294 4145 1389 4195 trans-

192 4228 316 4296 mutat,
332 4229 381 4283 sed
399 4231 469 4285 haec
487 4230 632 4283 versionis
651 4230 726 4284 vltia
746 4229 943 4284 demonstrare
961 4246 1018 4285 non
1047 4235 1092 4285 est
1119 4247 1222 4300 operae
1249 4234 1384 4301 pretium,

190 4313 283 4368 sine
301 4317 381 4372 inhio
401 4321 478 4374 enim
496 4320 615 4374 Photius
635 4320 727 4389 quoad
746 4320 788 4374 rei
807 4335 942 4374 summam
963 4321 993 4373 id
1019 4322 1124 4390 voluit,
1152 4323 1225 4390 qnod
1254 4323 1297 4376 ait
1324 4324 1387 4375 eins

190 4401 405 4468 dignissimus
424 4409 595 4478 discipulus.
634 4439 637 4445 ·
