3120 4988
751 301 788 314 ..
812 267 849 331 79
872 300 908 313 ..

257 380 334 443 num
357 383 390 447 et
413 376 663 460 vivificantem,
684 399 725 442 cor
750 374 856 443 Patre
874 399 937 464 per
961 373 1094 441 Filiam
1116 371 1358 463 procedentem,
1380 378 1416 442 et

263 487 392 554 eundem
416 486 525 554 Deum
550 505 623 554 esse
645 492 682 553 et
706 484 901 571 cognoscin
921 482 1115 569 (1)(Mansi
1140 483 1225 551 XII.
1245 506 1277 568 p.
1299 481 1411 565 1121).

194 666 199 673 ,
267 581 341 663 'Pota
358 597 437 666 baec
455 596 594 664 'Parasii
610 597 781 684 professio
799 594 889 662 lecta
905 594 942 661 in
958 592 1119 661 Concilio·
1131 591 1415 682 approbationem

269 705 382 794 aceepit
405 711 480 774 tum
505 707 650 774 Patrum
675 702 888 794 reliquorum
924 708 999 769 tum
1024 709 1106 770 ante
1141 724 1257 768 omnes
1283 699 1415 788 legato·

193 798 197 803 ¹
269 825 331 880 rum
352 813 521 881 Hadriani
547 811 738 893 Pontificis‚
765 810 926 900 quoniam
959 810 1179 876 consentiens
1200 785 1339 896 reperta
1363 813 1417 875 est

267 910 334 986 fidei
354 921 465 1009 ipsius
489 919 682 987 Pontificis.
705 919 866 986 uPetrus
890 915 1206 1003 (archipresbyter)
1230 921 1266 980 et
1290 913 1416 981 Petrus

181 1020 184 1025 ’
262 1022 380 1106 (Abbas
398 1027 433 1094 S.
455 1027 579 1111 Sabae)
596 1027 666 1093 Deo
690 1023 857 1092 amabiles
872 1021 1085 1111 presbyteri,
1104 1033 1139 1090 et
1164 1022 1276 1089 locum
1297 1031 1415 1087 tenen-

259 1133 304 1200 las
331 1136 538 1205 sanctissimi
563 1137 674 1224 Papae
698 1135 870 1203 Hadriani
895 1135 1042 1201 senioris
1072 1136 1200 1204 Romae
1231 1136 1411 1202 dixerunt:

173 1302 190 1323 ,,
253 1244 510 1332 acquiescimus,
542 1244 624 1335 quia
648 1245 835 1312 secundum
860 1243 958 1310 fidem
985 1265 1086 1333 quam
1122 1250 1214 1312 recte
1246 1245 1414 1312 Tarasius

171 1350 178 1357 ”
250 1353 489 1421 sanctissimus
523 1361 558 1420 et
583 1354 803 1421 beatissimus
842 1356 1044 1443 patriarcha
1068 1351 1414 1441 constantinopoleos

155 1462 163 1519 '.
245 1462 302 1524 est
328 1463 516 1546 confessus,
535 1447 571 1530 et
587 1461 811 1550 Apostolicus
835 1464 929 1552 Papa
946 1473 1063 1530 noster
1086 1461 1288 1528 Hadrianus
1304 1460 1414 1528 susci·

238 1563 345 1643 Piens
361 1591 429 1638 una
453 1592 530 1638 cum
548 1570 741 1638 venarabili
765 1578 885 1638 sancta
910 1571 1055 1660 synodo,
1073 1591 1160 1661 quae
1181 1567 1273 1658 apud
1297 1568 1412 1656 ipsum

234 1675 309 1755 cst,
328 1678 518 1747 consentit.
537 1704 553 1739 n

307 1781 488 1867 Quomodo
511 1792 625 1854 autem
649 1785 853 1853 Hadrianus
877 1785 1093 1854 intellexerit
1117 1790 1152 1852 et
1176 1785 1359 1853 admiserit
1374 1785 1415 1852 fi-

221 1875 312 1954 dem
347 1893 486 1962 Tarasii
510 1893 551 1962 de
575 1894 791 1983 processione
815 1894 972 1983 Spiritus
997 1892 1185 1961 Sanctior
1222 1893 1329 1960 Patre
1350 1915 1414 1979 per

214 1979 558 2091 Piliumipsemet
581 2001 685 2090 paulo
708 2008 786 2091 post
810 2001 1005 2071 declaravit
1039 2001 1076 2068 in
1100 1998 1248 2088 epistola
1283 1998 1326 2065 ad
1350 1997 1412 2065 Ca·
1465 2083 1468 2091 Ι

207 2092 360 2176 rolum
382 2108 560 2197 Magnum.
579 2108 725 2177 Carolus
748 2110 785 2177 in
811 2108 982 2177 Theodori
1015 2107 1163 2195 epistola
1186 2105 1411 2196 reprehendit

149 2210 152 2215 ’
202 2207 385 2288 (illidam
407 2221 589 2304 nonnulla,
615 2219 674 2288 sed
698 2219 837 2288 minime
861 2218 976 2300 illud,
1002 2217 1092 2308 quod
1117 2216 1212 2285 dixit
1241 2217 1413 2304 Spiritum

193 2322 476 2422 1{”0ceumcem
500 2353 523 2394 o
546 2330 654 2396 Patre
667 2377 677 2409 ‚
706 2328 788 2417 quia
812 2327 917 2396 facile
942 2327 1034 2395 vidit
1065 2330 1120 2411 (ut
1150 2326 1351 2394 declaratur
1375 2325 1411 2392 in

192 2403 352 2505 hbris
373 2437 546 2507 carolinis
569 2436 682 2506 1.111.
702 2461 731 2506 c.
750 2436 797 2520 3),
817 2438 955 2504 Patrem
979 2436 1017 2503 in
1053 2436 1190 2503 unitate
1214 2458 1291 2503 oum
1318 2434 1412 2503 Filio

190 2511 312 2605 ‘listi
343 2544 554 2634 principium
578 2544 755 2634 Spiritus;
782 2550 819 2611 at
842 2544 1024 2613 dubitauit
1048 2543 1089 2611 de
1112 2542 1319 2611 orthodoxia
1345 2542 1410 2609 Ta·

188 2635 464 2742 maritumi
489 2650 661 2740 Spiritum
696 2651 861 2721 Sanctum
885 2675 953 2719 non
977 2674 1019 2719 eor
1053 2653 1161 2719 Patre
1185 2665 1217 2717 et
1240 2650 1336 2717 Filio
1361 2671 1410 2717 se·

189 2740 397 2851 Quam
418 2759 564 2830 urerent
588 2760 738 2849 symma
763 2761 862 2829 auem
888 2761 961 2849 (s),
992 2762 1050 2829 seu
1074 2783 1116 2826 a
1140 2761 1246 2828 raom
1264 2784 1328 2850 pn·
1350 2761 1412 2827 m.
1523 2790 1527 2795 .

190 2823 334 2932 hum
350 2868 594 2966 procedentem
609 2869 647 2935 in
663 2891 745 2937 suae
762 2868 985 2938 credulitatis
1001 2869 1149 2939 lectione
1165 2868 1408 2958 profiteatur„

189 2929 321 3041 Iam
341 2975 545 3044 Hadrianus
561 2979 776 3045 coacervatis
799 2976 942 3045 Patrur'n
958 2978 1173 3047 testimoniis
1198 2976 1411 3044 demonstrat

198 3045 380 3170 Cardo,
410 3084 461 3172 (3)
486 3084 567 3152 illas
599 3084 793 3174 particulas
816 3109 838 3151 a
862 3086 969 3153 Patre
997 3109 1061 3175 per
1094 3085 1228 3153 Filium
1258 3105 1325 3152 non
1349 3083 1410 3152 mi-

316 3319 357 3396 (1)
376 3325 427 3375 Kar
449 3321 484 3382 εἰς
507 3341 535 3372 το
562 3341 666 3390 πνευμα
687 3341 714 3371 το
742 3320 826 3392 ἅγιον,
846 3343 889 3374 τον
916 3343 1008 3394 ruptor,
1027 3345 1069 3377 και
1090 3320 1240 3394 (romescot,
1265 3341 1293 3372 ro
1318 3315 1345 3372 ἔκ
1365 3340 1410 3372 του

221 3405 342 3486 ”mrpoq
364 3414 393 3467 δι’
414 3412 471 3469 duco
492 3408 699 3483 ἕκπορευομενον,
720 3416 764 3466 καὶ
783 3412 849 3467 closo
867 3413 926 3467 θεον
947 3414 973 3468 o’r
994 3436 1021 3466 τε
1041 3413 1086 3469 καὶ
1106 3410 1303 3484 γνωριζομενον.

314 3502 356 3578 (t)
375 3503 532 3559 Secundum
551 3506 704 3569 genuinum
723 3520 821 3572 nempe
849 3507 1026 3560 intellectum
1053 3507 1186 3573 symboli,
1208 3507 1241 3558 ut
1270 3505 1410 3558 communi

230 3589 431 3650 ”assensione
451 3609 560 3662 semper
577 3595 715 3647 creditum
736 3603 788 3669 est,
812 3601 897 3663 atque
915 3595 1017 3649 indos
1043 3597 1137 3649 tribus
1165 3596 1267 3648 saltem
1287 3595 1411 3648 saeculis

234 3667 273 3734 iu
293 3685 447 3755 Hispania,
460 3700 493 3737 ac
512 3685 644 3751 deinceps
663 3686 694 3736 in
714 3689 774 3738 toto
794 3700 881 3751 regno
900 3683 995 3738 Garoll
1014 3683 1135 3737 turmula
1154 3684 1218 3750 ipsa
1243 3681 1408 3737 coustanti-

237 3773 415 3846 napolitano
433 3773 568 3841 explicito
587 3773 732 3828 declarata
751 3778 823 3828 crat.

312 3863 355 3942 (3)
374 3863 550 3919 'testimonla
569 3865 673 3932 quibus
687 3867 780 3918 utitur
794 3865 956 3920 Hadrianus
974 3865 1097 3932 cuipiam
1116 3879 1214 3932 parum
1234 3864 1356 3919 efficacia
1373 3865 1408 3919 ad

237 3954 418 4015 probandam
427 3954 635 4021 processionem
644 3955 773 4022 Spiritus
786 3957 884 4010 Sancti
896 3955 991 4008 videri
1005 3958 1133 4022 possent·
1144 3953 1193 4008 scd
1204 3952 1408 4008 advertendum

238 4049 293 4115 ost,
311 4045 416 4098 Oarolc
429 4043 516 4097 istam
526 4044 674 4097 formulam
685 4047 842 4110 suspectam
854 4045 995 4111 loiseaco,
1013 4043 1087 4110 quod
1099 4045 1130 4095 in
1141 4044 1351 4110 praepositione
1358 4060 1410 4111 per

237 4125 333 4192 latore
354 4138 470 4204 putaret
487 4148 609 4189 errorem
627 4136 766 4188 Asianum
785 4134 818 4188 de
838 4134 947 4202 Spiritu
966 4144 1056 4187 creato
1071 4151 1122 4201 per
1141 4135 1249 4187 Filiam
1269 4135 1406 4209 (Carolin.

235 4214 257 4276 l·
274 4227 333 4282 111.
348 4239 373 4279 c.
386 4219 425 4295 3).
437 4223 510 4278 Hinc
522 4225 657 4279 Pontifex
669 4222 917 4277 demonstrandum
928 4225 1057 4292 suscipit,
1072 4226 1163 4292 primo
1177 4226 1344 4293 particulam
1356 4239 1408 4291 por

235 4323 308 4372 ttus.
323 4315 460 4370 Patribus
473 4331 528 4369 non
544 4317 632 4368 solum
643 4314 675 4368 de
688 4314 839 4383 creatione,
855 4313 904 4367 sed
918 4315 1003 4368 ctiam
1017 4314 1049 4367 de
1063 4316 1204 4370 relatione
1215 4316 1287 4369 uitii
1298 4314 1332 4369 ad
1344 4315 1405 4380 Spi-

233 4406 329 4462 uimm
358 4404 490 4461 Sanctum
511 4404 656 4474 adhiber15
680 4403 800 4460 secundo
821 4404 895 4474 apud
917 4403 1028 4461 eosdem
1048 4405 1148 4460 Patres
1171 4403 1406 4460 constructionem
