3120 4988
707 244 862 305 -12-
910 266 912 269 ·

201 352 290 440 ipsa,
317 373 385 444 qua
406 374 428 419 a
451 351 635 421 catholicis
658 351 841 434 dissident,
857 351 1105 420 Photisnorum
1122 354 1296 422 sententia
1311 356 1369 422 vel

168 449 173 458 ’
200 459 363 548 empticite
377 459 434 528 vel
450 459 572 528 saltem
589 457 757 547 implicite
776 465 812 526 et
826 457 1102 550 aequipollenter
1117 461 1154 528 in
1172 461 1369 551 Scriptnris

200 566 456 656 comprehensa,
484 566 654 657 Spiritum
671 566 852 656 procedere
880 590 902 631 a
928 567 998 632 colo
1015 568 1136 651 Patre,
1161 569 1213 637 ita
1236 576 1277 638 nt
1300 592 1368 638 non

199 676 363 766 procedat
386 697 407 742 a
430 674 534 759 Filio,
562 675 623 766 qui
647 697 754 742 nnum
777 681 831 742 est
858 697 936 742 cum
959 677 1076 744 Patre.

264 785 315 851 At
327 786 362 870 c)
380 783 652 851 haccscntentia
667 784 802 850 intotis
819 782 1014 871 Scripturis
1030 783 1196 872 empticice
1207 785 1369 874 nuspiam

197 900 324 962 exstat.
352 891 451 974 Quod
476 893 635 981 patravit
650 890 829 958 Luthcrus
844 889 882 956 in
907 911 971 957 sua
993 890 1152 959 versione
1169 894 1369 980 germanica

198 980 368 1067 librorum
387 1021 564 1066 sacrorum
588 997 829 1085 interpolando
852 1004 988 1065 textum
1011 997 1190 1066 RomIlI.
1205 998 1259 1065 28.
1281 1020 1369 1066 car-

199 1107 375 1174 bitramur
398 1104 588 1173 iustificari
618 1103 789 1172 hominem
818 1127 879 1193 per
915 1103 1023 1169 solam
1057 1104 1219 1190 fidam,n
1254 1113 1293 1173 ut
1317 1112 1368 1174 te·

200 1214 403 1282 stimonium
435 1234 502 1279 non
538 1212 676 1302 quidem
707 1211 891 1300 Apostoli,
917 1212 976 1280 sed
1000 1234 1101 1280 snum
1134 1212 1280 1280 haberet
1307 1236 1369 1302 pro

198 1321 335 1391 haeresi
359 1328 608 1411 praeconcepta
636 1320 677 1388 de
701 1320 776 1387 sola
799 1320 867 1388 fide
899 1319 1135 1407 iustificante;
1165 1320 1201 1388 id
1217 1319 1367 1389 Photius

198 1430 342 1523 eiusque
365 1436 553 1498 sectatores
577 1427 713 1517 inipso
737 1434 837 1495 textu
868 1427 1037 1516 originali
1067 1428 1146 1495 ausi
1169 1449 1237 1494 non
1268 1435 1364 1495 sunt.

197 1538 364 1606 Remanet
378 1559 461 1626 argo
475 1558 577 1625 penes
592 1535 686 1624 ipsos
701 1534 752 1601 Io.
763 1533 843 1603 XV.
855 1533 910 1602 26.
927 1533 1028 1604 lectio
1044 1534 1259 1623 incorrupta,
1277 1537 1365 1626 aqui

196 1668 218 1713 a
241 1647 345 1714 Patra
368 1643 536 1734 procedit.
554 1670 570 1705 n
589 1645 810 1732 Quapropter
826 1642 931 1711 donec
948 1642 1121 1733 sacrilega
1135 1643 1283 1712 Lutheri
1302 1645 1367 1711 ali-

197 1755 300 1823 cuius
323 1776 445 1821 manus
468 1753 519 1820 eis
543 1754 725 1841 suppetias
749 1754 853 1835 ferat,
881 1775 968 1843 quaa
992 1753 1137 1835 scribat,
1155 1752 1216 1842 qui
1236 1775 1277 1820 ex
1295 1753 1365 1817 solo

197 1861 301 1930 Patra
325 1860 500 1952 procedit3
527 1882 628 1927 suum
651 1859 742 1927 illud
765 1859 890 1948 dogma
914 1861 1077 1949 explicite
1107 1860 1145 1927 in
1169 1860 1364 1950 Scripturis

157 2050 160 2068 ,
197 1991 397 2060 expressum
421 1958 600 2036 ostendere
623 1991 691 2034 non
715 1975 875 2056 possunt.

263 2076 296 2161 b)
320 2075 506 2175 Reliquum
530 2097 613 2170 ergo
636 2082 738 2158 essct,
765 2082 805 2143 nt
828 2074 886 2144 vel
901 2097 942 2143 ex
960 2082 1124 2145 contextu
1141 2078 1192 2145 Io.
1211 2077 1290 2147 XV.
1303 2078 1361 2146 26.

197 2183 253 2254 vel
277 2184 461 2253 collatione
485 2182 634 2250 aliorum
664 2183 818 2251 locorum
842 2183 1061 2268 evincerent,
1088 2185 1362 2270 affirmationem,

198 2292 289 2384 aqui
312 2314 334 2359 a
356 2293 461 2360 Patre
484 2292 651 2380 procedit,
669 2318 685 2354 n
704 2315 842 2360 sensum
865 2292 992 2360 habere
1016 2292 1258 2374 recludentem,
1274 2294 1363 2384 quod

196 2421 315 2489 nempe
339 2398 499 2488 Spiritus
526 2398 666 2466 dicatur
689 2421 710 2465 a
732 2398 837 2467 Patra
860 2399 1062 2488 procedere,
1089 2423 1157 2467 non
1189 2410 1363 2490 quatenus

196 2508 330 2578 virtute
353 2512 390 2575 et
412 2514 494 2575 actu
518 2504 722 2595 spirationis
741 2507 848 2575 Pater
872 2529 977 2574 unum
1001 2513 1055 2575 est
1078 2523 1156 2575 cum
1179 2507 1284 2591 Filio,
1303 2506 1362 2574 sed

184 2622 368 2707 ‘quatenus
392 2613 583 2703 spiratione
606 2614 683 2703 ipsa
706 2614 811 2683 Pater
833 2623 868 2682 et
891 2614 1008 2682 Filius
1032 2637 1101 2682 non
1124 2615 1222 2683 modo
1246 2637 1267 2680 a
1284 2613 1361 2704 Spi-

193 2723 267 2790 ritu
292 2721 495 2810 procedente
519 2743 581 2788 sen
604 2743 625 2786 a
648 2721 795 2810 spicato,
821 2721 881 2789 sed
904 2722 1011 2790 etiam
1034 2722 1129 2791 inter
1152 2723 1363 2791 seinvicem

193 2828 472 2916 distinguantur.
502 2827 602 2896 Unde
632 2829 886 2911 conficeretur,
925 2829 1050 2918 dogma
1083 2829 1293 2912 Photianum
1325 2831 1362 2896 in

194 2935 389 3025 Scripturis
405 2935 574 3023 implicite
589 2936 775 3004 contineri.
794 2937 845 3003 At
860 2934 968 3004 huius
984 2937 1174 3020 doctrinae,
1193 2937 1362 3026 mysterio

131 3040 135 3048 “
193 3043 349 3113 revelato
373 3044 602 3135 undequaque
625 3043 870 3132 repugnantis,
896 3044 1032 3112 nullum
1050 3045 1086 3111 in
1103 3045 1214 3112 sacris
1229 3045 1362 3114 litteris

193 3160 330 3243 prostat
362 3150 571 3240 vestigium,
598 3151 682 3220 adeo
708 3161 748 3220 ut
771 3174 813 3219 ne
836 3151 1012 3241 sophistae
1036 3154 1173 3245 quidem
1208 3154 1361 3244 aliquam

193 3259 316 3328 saltem
341 3259 488 3349 speciem
519 3260 734 3349 probationis
751 3242 967 3352 ¹extorquere
990 3269 1141 3351 possent.
1166 3261 1259 3329 Hinc
1289 3262 1362 3328 Ma-

193 3368 311 3439 carius
334 3367 408 3456 ipse
432 3368 521 3436 hanc
544 3367 778 3456 probationem
795 3391 838 3436 nc
853 3375 990 3438 tentare
1003 3370 1145 3461 quidem
1169 3393 1277 3439 ausus
1292 3379 1358 3439 est.

71 3484 76 3504 ¹
194 3475 288 3560 Quid
312 3498 395 3563 crgo
419 3474 527 3564 agat?
543 3476 599 3544 Ad
615 3476 679 3544 hoc
693 3498 798 3543 unum
815 3499 913 3545 suam
930 3486 1041 3544 artem
1057 3478 1235 3545 redactam
1251 3478 1356 3562 vidit,

193 3591 236 3652 ut
260 3583 466 3674 persuadere
491 3592 688 3667 conaretur,
714 3583 791 3650 locs
816 3582 1019 3672 Scripturas
1042 3606 1084 3652 cx
1101 3584 1227 3675 quibus
1243 3584 1362 3652 catho-

191 3690 254 3758 lici
278 3692 427 3779 pr'obsnt
450 3691 699 3779 processionem
725 3690 881 3780 Spiritus
905 3712 925 3757 a
948 3691 1053 3779 Filio,
1080 3692 1150 3759 alio
1174 3715 1276 3761 seusu
1306 3717 1361 3762 ac-

192 3798 262 3886 cipi
287 3820 396 3886 posse,
424 3820 490 3889 quo
514 3820 580 3864 non
604 3798 645 3866 de
669 3805 811 3865 aeterna
834 3797 893 3866 sed
912 3821 1066 3866 seorsum
1083 3799 1124 3867 de
1141 3810 1361 3889 temporanea

191 3905 408 3995 processione
423 3905 480 3974 vel
505 3904 546 3973 de
571 3904 939 3990 consubstantialitate
963 3904 1122 3995 Spiritus
1146 3907 1268 3976 Sancti
1284 3932 1361 3977 cum

105 4011 108 4016 “
191 4013 285 4083 Filio
308 4013 572 4104 intelligantur.

256 4123 331 4190 Hoc
354 4130 465 4191 totum
490 4123 520 4191 si
545 4121 677 4190 homini
693 4122 867 4208 daremus,
884 4124 968 4214 quid
992 4126 1132 4194 tandem
1149 4147 1360 4220 consequens

192 4234 305 4303 esset?
329 4230 604 4324 consequeretur
628 4231 718 4321 quod
741 4231 845 4299 initio
864 4232 951 4316 dixi,
971 4255 1032 4300 nec
1056 4233 1250 4302 doctrinam
1268 4237 1355 4305 Pho·

192 4341 324 4410 tianam
357 4341 399 4409 dc
428 4343 646 4429 processione
668 4361 690 4407 a
711 4339 781 4406 colo
816 4339 944 4426 Patre,
971 4341 1111 4412 excluso
1140 4342 1258 4432 Filio,
1296 4369 1358 4415 neo
