3120 4988
697 324 735 338 ..
756 292 795 354 40
817 325 854 338 -

190 398 392 467 absurditas
418 397 566 466 alterius
590 399 807 482 sententiae,
838 419 906 489 qua
930 398 1062 467 dicitur
1087 396 1245 488 Spiritus
1261 397 1357 466 vSau-

191 515 270 576 ctus
293 508 434 577 mittere
455 493 588 575 Filium
610 531 672 595 per·
695 508 863 573 unitatem
887 509 1062 574 essentiae.
1088 507 1194 595 Apud
1217 507 1359 574 nullum

190 616 331 684 Patrem
356 621 420 683 aut
442 616 613 683 doctorem
637 615 845 684 catholicum
864 617 927 684 hoc
951 623 1178 684 commentum
1195 637 1360 708 umquam

191 724 355 814 reperiet.
376 724 448 790 Imo
472 724 607 806 docent,
627 745 689 790 cur
711 723 829 791 Filius
853 723 1059 791 incarnatus
1083 723 1270 791 secundum
1295 723 1362 791 hu·

193 833 408 917 manitatem,
429 856 496 905 seu
520 833 717 900 formaliter
742 841 781 900 ut
804 833 916 919 homo,
935 833 1041 901 etiam
1063 855 1085 900 a
1106 832 1244 922 Spiritu
1275 832 1360 901 San·

193 926 248 1009 oto
272 941 399 1014 missus
424 940 574 1024 dicatur,
593 940 763 1008 rationem
779 963 853 1009 esse
869 941 1116 1010 subiectionem
1134 945 1280 1008 naturae
1296 939 1364 1008 hu·

192 1072 311 1117 manae
336 1052 399 1118 sub
423 1057 553 1117 natura
576 1049 712 1132 divina,
730 1072 818 1138 quae
842 1049 879 1116 in
903 1049 1042 1139 Spiritu
1067 1049 1196 1116 Sancto
1220 1069 1291 1116 una
1306 1056 1363 1117 est

193 1181 270 1226 cum
294 1159 398 1226 Patre
422 1164 459 1226 et
491 1157 608 1244 Fili03
638 1158 790 1247 adeoque
825 1179 892 1225 non
912 1182 977 1246 per
1001 1162 1168 1226 unitatem
1199 1158 1364 1226 cosentiae

195 1266 351 1356 Spiritus
374 1265 488 1338 mittit
522 1265 678 1348 Filium,
709 1267 768 1333 sed
794 1265 951 1354 Spiritus
974 1266 1126 1334 essentia
1150 1290 1256 1345 unum
1283 1291 1360 1335 cum

194 1375 299 1456 Patre
323 1380 358 1441 et
379 1373 473 1441 Filio
496 1373 610 1440 mittit
632 1373 763 1441 Filium
790 1383 830 1440 ut
854 1373 1025 1442 hominem
1049 1389 1189 1462 propter
1219 1374 1364 1440 diversi·

195 1494 298 1547 tatem
321 1483 485 1546 essentiae
507 1504 563 1547 seu
587 1495 734 1546 naturae
757 1494 958 1569 ossomptae.
982 1481 1221 1549 Nihilominus
1244 1482 1365 1551 videa-

134 1658 136 1665 ,
194 1609 283 1673 mus;
302 1613 386 1682 quos
413 1618 430 1654 c
456 1589 696 1659 celeberrimos
720 1592 878 1658 doctores
902 1592 1034 1659 veteris
1063 1591 1241 1661 Ecclesiae
1266 1619 1285 1658 a
1310 1591 1365 1658 af-

195 1697 290 1766 ferat
313 1697 509 1765 Photianus
532 1698 576 1764 ad
601 1721 698 1766 suam
722 1700 947 1767 assertionem
972 1684 1204 1767 muniendam.
1238 1708 1246 1724 ³
1353 1728 1356 1733 ·
1458 1789 1460 1794 ¹

264 1810 300 1893 α)
318 1806 415 1876 Citat
431 1830 473 1875 ex
488 1807 673 1875 Ambrosio
689 1807 714 1875 l.
735 1807 802 1876 ΠΙ.
818 1831 848 1876 o.
869 1808 899 1874 1.
915 1809 956 1876 de
973 1809 1070 1897 Spin.
1088 1808 1124 1875 S.
1139 1808 1225 1876 haee
1241 1807 1361 1876 verba.

199 1914 340 1983 cPater
362 1908 494 1983 Filium
520 1915 619 1983 misit
642 1925 677 1983 et
700 1914 868 2004 Spiritus;
889 1914 1063 2005 Spiritum
1080 1938 1216 2007 quoque
1240 1923 1278 1985 et
1300 1915 1367 1982 Pa·

195 2023 369 2095 termisit
392 2033 427 2092 et
449 2023 577 2099 Filius.
605 2023 645 2089 Si
668 2046 751 2112 ergo
775 2046 812 2091 se
836 2025 984 2093 invicem
1007 2024 1123 2092 Filius
1147 2031 1183 2093 et
1207 2024 1366 2113 Spiritus

197 2131 357 2215 mittunt,
377 2132 471 2200 sicut
492 2132 598 2200 Pater
623 2132 745 2215 mittit,
777 2155 844 2199 non
868 2133 1095 2201 subiectionis
1118 2131 1275 2214 iniuria,
1304 2132 1364 2198 sed

198 2239 425 2308 communitas
451 2243 639 2328 potestatis
662 2249 726 2309 est.
747 2267 764 2302 n
793 2240 834 2307 In
860 2239 925 2310 hac
948 2247 1179 2310 extoontextu
1213 2240 1365 2329 abrupta

197 2348 370 2415 sententia
393 2349 571 2417 Ambrosii
597 2349 701 2417 unica
725 2351 882 2440 quaestio
907 2356 983 2434 est,
1014 2349 1182 2441 quomodo
1206 2347 1366 2436 Spiritus

197 2454 338 2524 dicatur
370 2454 507 2523 misisse
540 2454 697 2540 Filium,
727 2479 809 2524 num
840 2458 976 2524 ratione
999 2457 1179 2525 inferioris
1215 2462 1365 2524 naturae

198 2562 369 2632 hnmanae
393 2565 429 2632 in
452 2564 547 2633 Filio
570 2565 765 2648 incarnato,
797 2573 836 2633 ut
859 2588 921 2633 nos
944 2566 1069 2633 Patres
1092 2563 1250 2633 docuisse
1274 2565 1365 2631 affir-

197 2695 341 2759 mamus3
362 2697 406 2746 an
432 2697 514 2742 vero
535 2698 597 2762 per
620 2676 789 2740 unitatem
813 2677 976 2741 essentiae
1000 2673 1163 2754 divinoe,
1190 2682 1231 2740 ut
1247 2670 1372 2741 Maca-⁸

198 2780 275 2848 rius
299 2782 441 2851 asserit.
458 2782 570 2872 Atqui
585 2781 793 2850 Ambrosius
810 2781 873 2850 hoc
898 2782 973 2871 ipso
996 2782 1071 2850 loco
1089 2782 1218 2849 diserte
1242 2786 1278 2848 et
1295 2789 1367 2849 stu-

199 2890 395 2973 diosissime
419 2891 587 2959 adversus
610 2891 762 2958 Arianos
787 2891 948 2975 ostendit,
971 2890 1104 2958 ¹Filium
1131 2888 1368 2956 tantummodo

200 3000 389 3074 secundum
424 2999 626 3067 inferiorem
662 2999 845 3066 humanam
871 3006 1035 3066 naturam
1071 2997 1214 3065 missum
1249 3018 1324 3064 esse
1347 3017 1369 3061 a

200 3104 340 3194 Spiritu
364 3108 493 3176 Sancto
517 3115 601 3175 uta
624 3107 816 3196 superiore.
838 3136 855 3171 c
872 3108 974 3176 Nune
998 3106 1210 3188 adiioimus,
1235 3104 1365 3196 inquit,

202 3216 291 3304 quod
316 3238 430 3284 omnes
454 3217 530 3284 iure
555 3217 739 3300 mirentur,
758 3222 792 3284 et
816 3214 978 3283 dubitare
1002 3219 1070 3281 non
1096 3213 1250 3302 possint,
1278 3209 1369 3304 qaod

200 3324 355 3411 Spiritus
379 3347 479 3413 super
496 3324 687 3407 Christiana·
703 3332 738 3391 et
754 3323 845 3414 quod
870 3323 963 3390 sieut
986 3322 1047 3390 ille
1065 3321 1238 3410 Spiritum
1255 3319 1365 3406 misit,

200 3440 236 3501 et
259 3432 390 3500 Filium
415 3433 480 3500 Dei
504 3432 660 3522 Spiritus
685 3432 792 3500 misit.
812 3431 911 3499 Dicit
934 3433 1024 3498 enim
1047 3428 1165 3497 Filius
1188 3426 1369 3518 DeitSpiss

201 3541 294 3619 ritus
315 3540 455 3611 Domini
479 3565 583 3630 super
608 3564 671 3626 me,
691 3548 834 3631 propter
858 3540 948 3630 quod
974 3540 1078 3607 unxit
1101 3561 1165 3622 me,
1189 3536 1373 3625 evangelie

200 3648 281 3719 nate
304 3651 516 3740 pauperibus
541 3652 639 3718 misit
662 3673 713 3717 me
739 3650 800 3738 (Is.
831 3648 925 3718 LXI.
958 3649 1035 3736 1)...
1067 3647 1114 3715 Et
1138 3649 1239 3731 bene,
1270 3668 1372 3734 seper

202 3782 263 3842 me,
282 3760 387 3843 dixit,
406 3761 492 3851 quia
516 3762 618 3850 qrcasi
642 3758 759 3826 Filius
784 3759 930 3822 hominis
955 3757 1290 3847 loquebotrcr;qccosi
1313 3755 1374 3821 Fi·

205 3870 273 3935 lias
298 3871 387 3934 enim
412 3871 558 3964 leontinis
589 3882 621 3933 ct
644 3882 764 3933 unctas
800 3879 832 3931 et
855 3869 975 3932 miscus
1000 3880 1048 3932 est
1078 3866 1123 3933 ad
1158 3865 1373 3953 evanpeliam

197 3976 482 4069 praedicandum.
514 3974 637 4044 Sensi
660 3997 728 4041 non
753 3974 911 4041 creditur
933 3973 1052 4057 Filio,
1083 3974 1232 4041 audiant
1266 3970 1373 4039 etiam

203 4086 344 4152 Patrem
367 4085 575 4175 loquentem,
595 4084 680 4172 quio
703 4083 858 4169 Spiritus
883 4081 1026 4146 Domini
1059 4103 1158 4167 ceper
1183 4079 1369 4149 Christum.

205 4192 303 4260 Dicit
325 4192 415 4258 enim
441 4194 574 4279 (Pater)
599 4189 747 4258 Ioanni:
777 4212 881 4281 super
905 4211 1004 4279 quem
1030 4189 1163 4273 videris
1200 4186 1375 4279 Spiritum

206 4299 467 4369 descendentem
492 4300 534 4366 de
558 4298 710 4366 caelo...
730 4297 801 4368 Nec
826 4319 965 4365 rursum
989 4302 1140 4380 moveat,
1159 4295 1250 4387 quod
1274 4315 1376 4381 saper

206 4434 278 4479 eum
300 4407 393 4475 dixit
403 4390 414 4495 ς’
442 4405 481 4472 de
504 4406 600 4473 Filio
626 4406 714 4472 enirn
738 4405 885 4472 dominis
922 4403 1123 4494 loquebator
1136 4446 1153 4488 ‚·
1175 4405 1262 4495 quia
1285 4404 1375 4470 cicae
