3120 4988
612 271 650 288 ..
672 242 707 305 Η
732 274 769 287 ..

110 349 199 416 Luc.
214 347 349 418 XXIV.
367 347 425 417 49.
443 347 483 416 Si
498 368 581 436 ergo
597 347 773 415 Macarius
789 344 978 429 contendit,
997 345 1143 412 formem
1160 363 1277 432 gram-

109 456 272 525 maticam
294 457 460 546 temporis
484 455 678 545 praesentis
690 453 846 544 procedit
868 453 1062 521 necessario
1079 452 1120 519 de
1137 459 1277 520 aeterne

110 571 146 633 et
168 589 236 633 non
260 566 370 633 solum
397 565 437 633 de
460 570 680 652 temporanea
704 560 920 651 processione
945 559 1058 627 adhuc
1083 559 1207 625 futura
1223 557 1276 623 in·

109 668 338 757 telligendam
374 691 471 751 esse,
499 668 540 734 ob
575 667 719 734 eandem
749 667 920 732 rationem
946 672 1089 753 cogetur
1113 661 1219 729 fateri
1243 659 1279 724 in

112 778 217 844 verbo
240 776 408 863 temporis
431 775 637 865 praesentis,
664 775 801 864 quando
825 773 920 841 dixit
941 771 1057 839 Filius
1082 794 1141 860 epo
1165 770 1277 848 mitto,

109 907 178 952 non
202 883 314 952 solum
336 891 591 973 temporaneam
621 889 706 948 tuno
740 880 855 948 adhuc
879 881 1057 964 futurem,
1084 877 1277 947 sedetiam

109 999 286 1059 aeternam
316 990 531 1058 emissionem
555 1011 576 1055 a
597 987 691 1055 Filio
719 987 927 1076 significari.
954 988 1029 1055 Hoc
1060 993 1278 1054 autemeam

110 1099 193 1188 ipse⁴
210 1105 315 1188 neget
337 1121 379 1164 ex
404 1120 466 1166 suo
490 1096 554 1164 illo
578 1094 764 1185 principio,
791 1118 858 1186 quo
881 1110 1020 1182 separat
1042 1094 1237 1162 missionem
1258 1115 1279 1160 a

112 1208 340 1296 processione,
367 1207 438 1274 iam
461 1205 568 1272 ctiam
592 1210 903 1292 argumentum‘ex
927 1208 1079 1293 tempore
1103 1203 1278 1293 praesenti

112 1317 148 1383 in
173 1317 290 1399 verbo,
311 1312 469 1404 procedit
493 1338 513 1378 a
538 1313 658 1395 Patre,
682 1311 774 1378 nihil
798 1312 933 1379 omnino
956 1311 1130 1401 probabit.

179 1426 209 1508 c)
233 1423 410 1490 Postremo
433 1420 633 1510 appellatur
657 1418 701 1487 ed
726 1421 969 1488 auctoritatem
987 1421 1145 1504 Petrum,
1161 1420 1222 1512 qui
1238 1419 1278 1486 de

112 1535 254 1600 aeterna
276 1528 493 1619 processione
527 1528 640 1595 locum
664 1526 714 1594 Io.
733 1527 812 1596 XV.
831 1526 886 1594 26.
913 1526 1177 1595 intellexerunt.
1205 1526 1277 1594 Hoc

113 1639 249 1729 quidem
273 1635 493 1705 verissimum
517 1643 589 1720 est,
616 1633 731 1702 sedai
762 1634 985 1702 traditionem
1020 1639 1057 1703 et
1080 1634 1280 1704 testimonia

114 1745 256 1812 Petrum
280 1743 443 1811 Photiani
477 1741 612 1810 sincere
641 1752 851 1831 agnoscant,
877 1751 1043 1812 tenentur
1074 1767 1141 1811 non
1165 1743 1280 1816 minus

114 1850 363 1940 processionem
387 1848 629 1919 immanentem
653 1873 674 1917 e
697 1849 791 1917 Filio
815 1874 917 1941 quam
941 1873 963 1918 a
986 1852 1090 1920 Patre
1106 1849 1277 1931 confiteri,
1349 1852 1351 1857 ’

115 1964 154 2025 ut
176 1964 252 2026 tum
276 1959 320 2025 ab
343 1956 425 2024 aliis
449 1957 636 2025 catholicis
658 1957 793 2026 abunde
817 1967 852 2026 et
875 1959 1055 2028 evidenter
1076 1967 1152 2026 tum
1169 1958 1205 2024 in
1222 1980 1281 2024 no-

116 2073 187 2133 stro
211 2065 383 2132 Tractatu
407 2063 679 2132 demonstratum
704 2071 790 2155 est„

180 2173 374 2262 Theologia
398 2173 516 2262 itaque
540 2180 575 2241 et
597 2173 771 2263 principie
799 2173 1060 2243 hermeneutioa
1082 2197 1103 2241 a
1126 2174 1281 2244 Macerio

117 2286 192 2369 post
227 2280 316 2358 alios
351 2279 541 2348 Photianos
577 2281 724 2349 conficte
759 2281 802 2348 ed
837 2285 1106 2371 pervertendum
1143 2305 1281 2353 sensum

118 2389 379 2477 Scripturarum
415 2389 455 2455 de
487 2388 625 2478 Spiritu
660 2411 720 2456 sen
754 2389 889 2478 spirate
911 2391 1016 2476 Filii,
1049 2391 1211 2460 audiente
1246 2395 1283 2459 et

117 2495 229 2562 omnia
259 2494 452 2584 accipiente
475 2517 496 2561 a
519 2494 636 2579 Filio,
658 2496 827 2563 mittendo
851 2518 891 2564 ac
923 2498 1028 2565 misso
1051 2521 1072 2564 e
1094 2489 1213 2584 Filio,
1240 2498 1281 2567 de

118 2603 283 2671 relatione
307 2602 455 2692 denique
478 2622 644 2692 personae
660 2601 787 2670 tertiae
812 2601 874 2670 SS.
896 2603 1088 2673 Trinitatis
1101 2606 1144 2673 ed
1162 2629 1283 2675 secun-

117 2713 190 2780 dam
212 2734 281 2778 non
306 2711 421 2777 minus
445 2731 545 2799 quam
570 2710 614 2777 ad
639 2710 797 2798 primam,
814 2722 968 2801 vergunt
992 2714 1106 2781 omnia
1122 2714 1166 2783 ad
1191 2716 1283 2785 labe·

117 2818 314 2887 factendam
349 2816 454 2892 etiem
486 2816 682 2891 earumdem
717 2816 979 2907 Scripturarum
1016 2821 1210 2890 doctrinam
1241 2822 1283 2891 de

116 2925 330 3016 processione
354 2922 510 3012 Spiritus
533 2944 555 2989 a
577 2922 700 3008 Patre,
727 2932 768 2992 ut
797 2923 882 2993 haec
917 2926 1086 2996 adversus
1117 2929 1281 3013 Arianos,

115 3034 378 3104 Macedonianos
400 3041 437 3100 et
460 3029 662 3099 Socinienos
685 3030 753 3100 rite
778 3029 917 3102 defendi
940 3042 1103 3126 nequeat.

585 3227 739 3296 CAPUT
761 3230 810 3299 11.

218 3422 259 3464 DE
282 3416 485 3465 recreemur
509 3402 691 3460 DOCTRINAE
714 3416 899 3460 Priorum
923 3417 966 3462 EX
989 3418 1176 3465 scmrrums

499 3524 522 3567 A
544 3525 687 3568 machino
710 3524 898 3570 rusrlrure.

182 3686 371 3775 Postquam
394 3681 565 3770 vidimus,
593 3682 759 3775 quomodo
793 3683 954 3752 doctrina
978 3686 1150 3755 Photiene
1173 3688 1285 3776 ipsam

119 3794 187 3865 vim
209 3791 490 3863 testimoniorum
513 3791 704 3860 labefactet
727 3791 769 3861 de
792 3798 935 3862 aeterne
969 3795 1184 3885 processione
1207 3797 1286 3887 Spi-

117 3901 206 3971 ritus
230 3898 351 3970 Sancti
376 3901 528 3984 ePatre,
547 3906 652 3990 etque
668 3901 826 3988 negando
843 3901 1017 3970 internam
1033 3905 1286 3991 processionem

118 4032 138 4076 a
157 4009 252 4076 Filio
277 4027 374 4074 arma
396 4007 574 4074 ministret
597 4002 785 4075 haereticis
809 4008 895 4093 illis,
922 4014 982 4100 qni
1006 4013 1099 4081 sicut
1122 4016 1286 4083 Photiani

119 4119 153 4185 in
174 4116 290 4200 Filio,
318 4115 371 4181 ite
393 4113 463 4203 ipsi
486 4116 591 4181 etiam
615 4114 652 4180 in
677 4114 781 4182 Patre
806 4115 913 4182 solam
938 4123 1131 4191 concedunt
1153 4126 1286 4193 missio·

120 4245 193 4291 nem
224 4221 471 4310 temporariam
495 4221 652 4312 Spiritus
688 4221 826 4309 Sancti3
852 4247 944 4294 nunc
980 4229 1219 4303 descendimus
1243 4234 1287 4302 ad

120 4322 250 4420 partem
273 4330 422 4397 altarem
439 4328 770 4418 interpretationum
786 4331 947 4402 Macarii.
964 4322 1181 4429 Reperiende
1196 4352 1288 4411 esset
