3120 4988
257 376 387 447 Verum
404 373 445 443 de
468 372 535 443 hae
558 371 664 445 etiam
681 372 926 462 phraseologia
938 371 1085 443 Maximi
1100 379 1136 444 et
1151 370 1371 450 Damasceni'

190 511 230 558 ac
254 487 295 555 de
312 485 466 574 genuina
481 507 598 553 eorum
619 481 792 550 sententia
816 483 1008 568 sufficiunt,
1029 484 1170 575 quaein
1187 485 1363 558 Tractatu

191 596 258 665 Th.
277 592 444 661 XXXVI.
464 615 498 660 n.
519 591 570 660 Π.
588 590 825 658 demonstrata
849 597 943 660 sunt.

258 700 357 783 Quod
382 707 517 789 spectat
542 699 793 786 conspirantem
812 698 955 767 Petrum
974 699 1195 770 orientalium
1213 710 1249 772 et
1272 704 1366 774 oooi·

191 808 383 878 dentalium
408 806 704 895 doctrinamque
728 805 873 873 disertis
891 808 1007 873 verbis
1023 809 1241 877 declarantes
1265 833 1373 882 oeco-‘

191 917 340 986 nomiam
363 915 429 984 SS.
447 914 647 982 Trinitatis
664 937 724 982 seu
741 913 895 980 ordinem
912 936 951 982 ao
972 915 1160 985 relationes
1175 920 1269 988 inter
1287 934 1364 990 tres
1385 989 1387 992 .

191 1024 332 1093 divinas
358 1045 520 1112 personas
544 1020 723 1109 explicant
746 1022 997 1111 processionem
1023 1024 1176 1112 Spiritus
1201 1026 1327 1097 Sancti
1342 1037 1372 1098 a*

190 1135 296 1201 Patre
319 1140 354 1199 et
376 1131 482 1213 Filio,
502 1136 674 1220 quatenus
692 1152 798 1197 unum
823 1139 906 1198 sunt
922 1131 1125 1218 spiratione,
1145 1133 1199 1202 vel
1216 1157 1237 1201 a
1253 1137 1365 1207 Patre

191 1266 253 1333 per
275 1241 419 1322 Filium,
438 1247 610 1337 quatepus
632 1236 749 1304 Filius
773 1261 793 1303 a
817 1238 922 1307 Patre
943 1240 1115 1328 principio
1140 1241 1365 1331 primordiali

192 1349 477 1438 communicatam
509 1346 614 1414 habet
648 1345 898 1435 spirationem,
923 1345 1017 1415 hunc
1049 1349 1189 1439 inquam
1213 1352 1365 1420 Petrum

191 1479 393 1529 consensum
417 1456 468 1523 ita
491 1455 528 1523 iu
551 1461 671 1521 nostro
696 1453 867 1521 Tractatu
890 1453 1112 1523 exhibuimus
1147 1450 1372 1530 testimoniis·

120 1605 123 1612 ’
192 1625 252 1657 τινα
271 1625 303 1674 τῳ
323 1601 388 1672 sihmo
407 1606 798 1673 συνεφισταμενην...μαλλον
818 1597 879 1674 ὄυχι
897 1597 993 1656 duvira
1014 1602 1043 1668 ἐξ
1055 1602 1131 1662 η’λιου
1152 1605 1365 1677 νοησομεν,ἅλλ’

193 1690 222 1760 ἒξ
233 1692 380 1766 ἆγεννητου
397 1692 473 1751 ήλιου
491 1687 576 1745 ἄλλον
591 1692 675 1756 φίλων,
697 1693 763 1764 ὁμου
784 1715 815 1767 τῃ
835 1713 880 1747 του
901 1713 1002 1765 πρωτου
1023 1689 1126 1761 inruere
1143 1715 1272 1765 γεννητως
1291 1696 1365 1770 ἅυτῳ

196 1789 523 1855 συνικλαμποντα...και
545 1789 625 1838 πάλιν
647 1783 730 1856 ἕτερον
751 1803 867 1837 resource
888 1797 947 1853 φως,
965 1805 1035 1837 κατα
1054 1805 1097 1835 τον
1119 1781 1200 1837 aium
1223 1789 1365 1858 aponovo'c

193 1895 304 1947 χρονικῳ
326 1895 373 1926 τινι
393 1877 557 1940 discrepari
577 1893 623 1926 roo
646 1893 771 1944 perverso
795 1886 878 1942 φωτος
897 1872 1120 1945 α’ποτεμνομενον,
1133 1873 1208 1928 ἄλλα
1223 1874 1253 1929 δι’
1277 1878 1366 1934 αὐτου

195 1986 242 2036 μιν
263 1963 400 2033 inhospites
413 1986 458 2020 την
479 1968 505 2019 δε
525 1985 572 2024 της
595 1965 766 2025 rinocruram<
786 1962 874 2016 uicerim
892 1960 954 2036 ἕχον
977 1966 1003 2019 ἐκ
1024 1985 1068 2017 του
1090 1985 1258 2036 πρωτοτυπου
1278 1982 1373 2038 purae,

191 2057 213 2110 l.
227 2070 251 2109 o.
264 2054 328 2109 416.
344 2055 483 2108 Nimirum
504 2053 597 2107 eodem
617 2053 781 2133 modo,quo
806 2052 899 2106 lumen
929 2046 1112 2121 primordiale
1141 2069 1197 2107 nou
1221 2059 1363 2127 tempore,

192 2146 241 2199 aed
267 2149 301 2198 ut
323 2145 497 2218 principium
514 2144 763 2212 praeintelligitur
781 2144 881 2196 lumini
903 2159 954 2212 per
977 2146 1186 2223 generationem
1211 2149 1367 2215 effulgeuti

193 2251 226 2288 ex
246 2234 320 2301 ipso,
342 2234 429 2287 etiam
448 2235 542 2286 lumen
562 2234 690 2298 genitum
709 2249 763 2286 uon
784 2234 864 2300 prius
894 2237 1018 2300 tempora
1048 2233 1097 2286 sed
1126 2239 1157 2287 ut
1185 2230 1373 2304 principium

192 2324 444 2393 praeintelligitur
453 2324 555 2376 lumini
568 2325 719 2390 peripsum
731 2323 878 2388 effulgenti
892 2326 1045 2377 etecusam
1063 2324 1183 2378 habenti
1197 2341 1232 2379 ex
1253 2329 1370 2384 lumine·

192 2413 381 2482 primordiali.
390 2414 459 2466 Nam
470 2429 504 2465 ex
519 2413 697 2480 primordiali
708 2414 759 2467 hoo
771 2414 876 2473 lumime
887 2415 1003 2479 effulget
1012 2414 1101 2481 ipsum
1115 2418 1207 2467 lumen
1221 2420 1365 2489 genitum,

192 2519 243 2574 per
262 2503 335 2572 quod
354 2503 470 2570 effulget
488 2504 581 2557 lumen
601 2505 716 2558 tertium
736 2503 780 2573 (ut
798 2504 975 2572 Epiphanius
998 2505 1136 2571 Spiritum
1160 2508 1290 2573 appellat
1317 2523 1375 2573 ’ως

194 2613 280 2666 τριτον
303 2613 376 2658 παρα
403 2613 501 2663 carpo<
520 2614 563 2645 και
585 2593 640 2648 u‘roo
661 2595 777 2646 Haeres.
799 2595 842 2667 74.
857 2610 885 2645 n.
901 2590 940 2664 8).
956 2596 1038 2647 Hunc
1066 2595 1192 2646 ordinem
1222 2599 1368 2668 principii

193 2687 223 2738 et
247 2683 461 2752 procedentisa
486 2684 627 2752 principio
655 2685 802 2751 Nyssenus
832 2687 915 2752 paulo
941 2685 1063 2737 inferius
1091 2685 1195 2738 iterum
1222 2688 1365 2759 explieat,

192 2775 242 2829 ubi
260 2775 336 2827 Ililio
355 2775 386 2827 iu
405 2776 546 2827 relatione
566 2775 601 2827 ad
621 2774 758 2840 Spiritum
778 2775 909 2828 Sanctum
930 2776 1036 2828 diserte
1056 2790 1155 2828 nomen
1180 2793 1280 2829 causae
1310 2781 1374 2834 tri·'

192 2866 270 2932 buit,
297 2866 373 2918 sicut
399 2866 544 2942 superius
560 2854 689 2929 dixerat,
713 2865 851 2931 Spiritum
879 2865 1009 2918 Sanctum
1038 2865 1141 2918 habere
1171 2880 1284 2920 causam
1311 2869 1380 2937 luy-'-

192 2962 337 3026 postaseos
357 2973 389 3008 err
414 2957 520 3009 lamine
533 2956 716 3020 primordiali
733 2952 866 3029 (Patre),
887 2955 936 3009 sed
955 2956 1113 3020 effulgendo
1128 2973 1180 3023 per
1198 2961 1292 3011 lumen
1318 2977 1375 3027 qe·-

192 3049 293 3104 m‘tum.
315 3048 431 3113 Filium,
457 3047 563 3115 iuquit,
590 3047 921 3117 profitemur-aeternum
944 3050 1087 3114 ettamen
1114 3064 1169 3100 nou
1188 3048 1364 3114 ingenitum.

194 3121 399 3192 «Nam'lliiius
419 3141 452 3190 ut
470 3138 585 3202 genitus
604 3137 788 3200 coniungitur
816 3135 948 3200 ingenito
977 3136 1068 3190 Patri.
1087 3137 1189 3190 Eadem
1218 3155 1286 3192 vero
1315 3144 1364 3195 est

194 3235 294 3284 nostra
314 3230 445 3283 doctrina
463 3228 497 3280 de
516 3224 628 3295 spiritu
647 3225 748 3279 Sancto
768 3225 799 3277 iu
819 3227 879 3277 solo
898 3223 1107 3298 (personarum)
1132 3228 1231 3281 ordine
1257 3229 1364 3284 dictiu-

194 3322 315 3376 otlonem
334 3321 521 3373 constituens.
535 3316 770 3381 Quemadmodum
790 3317 865 3396 euim
886 3317 1071 3381 coniungitur
1089 3319 1172 3371 Patri
1201 3320 1304 3385 Filius,
1332 3322 1363 3375 et

194 3413 348 3466 assentiam
368 3425 403 3462 ex
422 3408 485 3476 ipso
503 3408 613 3461 habens
632 3423 687 3459 non
708 3407 850 3474 poster-ior
868 3411 913 3460 est
931 3409 1097 3475 existentia,
1113 3409 1154 3462 sio
1167 3411 1254 3462 etiam
1271 3407 1363 3477 Spiri-

193 3504 240 3555 tus
259 3501 381 3554 Sauctus
400 3498 504 3567 pendet
522 3500 557 3551 ab
576 3497 739 3564 unigenito,
754 3497 804 3565 qui
823 3499 884 3550 sola
903 3498 1077 3561 cogitatione
1096 3498 1245 3550 secundum
1272 3501 1360 3556 ratio·

191 3607 253 3643 nem
272 3607 372 3643 causae
391 3588 641 3658 praeintelligitur
666 3588 817 3654 hypostasi
844 3588 969 3655 Spiritus
997 3589 1104 3655 Sancti,
1126 3593 1264 3665 temporis
1292 3609 1360 3648 vero

192 3679 383 3734 dimensiones
402 3681 432 3732 iu
452 3678 507 3731 illa
526 3687 642 3732 aeterua
661 3680 724 3732 rita
744 3679 834 3732 locum
853 3695 908 3732 uon
929 3679 1045 3746 habent,
1062 3681 1104 3733 ita
1123 3683 1155 3732 ut
1175 3689 1293 3748 excepta
1316 3696 1363 3738 ra‘

193 3773 270 3826 tione
289 3787 388 3822 caueae
407 3784 544 3836 personae
563 3769 611 3823 SS.
626 3768 782 3821 Trinitatis
800 3769 831 3820 iu
851 3770 931 3822 nullo
950 3765 1028 3822 iuter
1046 3784 1075 3821 se
1096 3768 1322 3837 distinguantur.
1346 3794 1358 3821 n

190 3863 248 3917 Ὀτι
272 3858 299 3933 (ὁ
320 3856 390 3930 υἷος)
403 3881 531 3931 peractor
550 3881 581 3932 τῃ
598 3859 746 3929 α’γεννησιᾳ
766 3878 811 3911 του
835 3879 931 3931 carpor
954 3879 1164 3930 συναπτομενος.
1180 3861 1211 3914 ‘0
1232 3867 1259 3915 δε
1277 3859 1359 3926 uictor

193 3951 254 4020 ripam
273 3970 315 4001 και
335 3969 390 4019 περι
417 3968 462 4000 του
487 3948 566 4019 ἅγιον
591 3967 739 4019 πνευματος
759 3953 840 4019 >lepos
866 3944 890 4000 ir
917 3969 984 4020 μονῃ
1009 3969 1041 4020 τῃ
1069 3951 1141 4015 ταξει
1166 3971 1212 4007 την
1235 3955 1358 4023 διαφοραν

194 4037 326 4110 ε’χων,Ὠς
346 4059 400 4110 γαρ
421 4058 584 4091 caramerum
605 4059 638 4108 τῳ
656 4059 735 4108 πατρι
757 4038 770 4091 o‘
791 4038 855 4102 drot,
874 4037 919 4091 aci
943 4059 971 4089 το
992 4037 1026 4104 ἐξ,
1040 4035 1123 4092 daron
1145 4037 1208 4094 ἒιναι
1230 4039 1295 4113 ἔχων
1308 4039 1368 4113 ἆυχ

194 4121 324 4195 decapitat
346 4143 416 4176 κατα
435 4143 482 4180 την
503 4122 623 4192 ὑπαρξιν,
642 4122 706 4178 doru
719 4129 799 4177 παλιν
815 4146 857 4176 και
878 4143 923 4176 του
941 4145 1099 4196 μονογενους
1113 4124 1206 4197 ἔχεται
1219 4148 1247 4179 το
1258 4144 1403 4200 πνευμας

194 4233 223 4265 το
242 4213 328 4284 ἅγιον,
349 4209 452 4279 irruerat
471 4232 538 4286 μονῃ
560 4235 631 4268 κατα
651 4234 695 4266 ror
720 4235 766 4276 της
786 4214 874 4278 durias
894 4221 976 4286 λογον
996 4215 1224 4289 προθεωρουμενου
1245 4241 1292 4282 της
1313 4235 1403 4272 ror-

193 4321 344 4373 πνιυματος
371 4301 635 4367 ὁποστασεως...ὤς
653 4323 698 4357 του
718 4310 800 4377 λογον
822 4327 870 4367 της
895 4303 984 4368 ἅιτιας
1006 4307 1201 4380 ὑπεξῃρημενου
1222 4307 1246 4363 ἓν
1269 4314 1403 4380 pandura-

195 4413 241 4453 την
258 4393 340 4464 ciprum
359 4395 452 4465 τριαδα
471 4395 646 4465 aposicrarus
668 4390 830 4468 ἅσυμφωνως
850 4394 930 4468 ἔχειν.
949 4397 1003 4450 1.l.
1019 4414 1047 4466 p.
1064 4397 1127 4451 464.
1183 4451 1192 4466 x
