3120 4988
695 332 733 345 ..
754 301 792 362 43
815 333 853 346 ..

189 406 298 494 primo
321 406 444 490 inciso,
463 405 523 473 ubi
546 409 668 474 auctor
685 405 763 494 agit
786 405 828 473 de
844 405 1072 473 distinctione
1096 402 1254 492 Spiritus
1267 403 1353 472 San·

190 515 237 581 cti
262 516 305 581 ab
328 513 411 581 aliis
448 513 607 602 personis
626 537 691 602 per
721 514 890 602 oripincm
905 562 914 593 ,
945 513 1104 602 Spiritus
1139 511 1360 601 intelligitur

189 623 371 709 procedere
396 646 417 689 a
440 623 556 704 Patre,
578 629 628 709 ⁸ut
650 622 755 689 Pater
780 644 856 689 cum
891 621 985 689 Filio
1011 644 1117 689 unum
1141 628 1197 689 est
1231 622 1360 711 prinoi-

191 730 286 818 pium
311 728 466 816 Spiritus
503 712 635 797 Sancti.
664 727 753 795 Sane
785 728 823 794 in
854 727 971 796 eadem
1003 727 1155 796 editione
1190 726 1358 812 Romana,

191 859 293 927 quam
316 836 492 904 Macarius
510 836 667 925 praefert
689 835 883 920 Maurinac,
902 836 1036 903 dicitur
1052 835 1195 902 diserte:
1217 864 1233 898 a
1252 836 1359 903 Pater

194 951 413 1013 coaeternum
437 944 504 1011 sibi
528 951 562 1011 et
586 943 841 1032 coomnipotens
864 946 985 1032 pessit
1010 942 1163 1025 Verbum,
1195 967 1268 1009 cum
1292 966 1358 1034 pso

193 1054 363 1140 Spiritum
381 1051 551 1141 producit
569 1078 585 1113 s
605 1073 634 1118 c.
656 1050 724 1118 l.·u
742 1050 897 1138 Spiritus
922 1050 1072 1119 Sanctus
1089 1073 1170 1119 vere
1205 1049 1362 1140 Spiritus
1460 1040 1461 1047 ἵ

193 1169 258 1244 est,
273 1160 456 1249 procedens
479 1157 616 1250 quidem
641 1183 682 1225 ec
705 1159 813 1230 Patre
836 1174 868 1225 et
891 1161 1003 1241 Filio
1030 1160 1089 1250 sed
1113 1182 1181 1226 non
1205 1164 1261 1227 est
1284 1157 1357 1246 ipse

194 1268 322 1351 Filius,
342 1268 426 1360 quia
448 1290 516 1334 non
541 1273 744 1356 generatum
765 1291 875 1359 neque
898 1269 1016 1353 Pater,
1035 1270 1121 1360 quio
1141 1266 1297 1357 procedit
1320 1267 1364 1334 al>

198 1391 342 1466 utroque
365 1399 448 1443 non·
457 1375 612 1465 genitus,
629 1399 699 1443 non
722 1376 914 1464 ingenitus,
943 1397 1012 1443 non
1036 1377 1154 1445 factus
1169 1429 1177 1445 .
1195 1426 1231 1445 ..
1262 1375 1376 1457 Quod·

196 1506 276 1552 vero
300 1506 411 1576 neque
435 1488 555 1551 natum
578 1506 690 1574 neque
710 1484 842 1551 factum
865 1494 931 1567 est,
950 1483 1106 1571 Spiritus
1123 1483 1272 1552 Sanctus
1295 1489 1361 1569 est,

197 1595 256 1682 poi
279 1616 302 1658 a
326 1593 434 1660 Patre
457 1606 488 1658 et
512 1591 607 1659 Filio
626 1591 818 1680 procedit»
848 1615 878 1660 c.
906 1591 939 1658 3.
964 1591 1060 1660 Idem
1085 1591 1210 1680 dogma
1233 1590 1364 1681 reperi·

197 1709 255 1768 tur
277 1722 308 1766 c.
334 1699 369 1769 4.
671 1703 674 1712 '
1277 1705 1278 1709 ’

260 1808 367 1876 Forte
390 1832 483 1877 nunc
506 1808 698 1895 poenitabit
720 1808 913 1877 Macarium
938 1806 1149 1896 praetulisse
1177 1807 1364 1876 editionem

198 1916 397 2003 Romanam;
416 1917 641 1985 concedamus
659 1939 741 2006 ergo
758 1917 790 1984 ei
807 1916 997 1984 transitum
1010 1916 1054 1984 ad
1068 1916 1250 1984 lectionem
1266 1914 1364 1983 Mau·
1493 1961 1495 1966 -

197 2024 318 2106 riuum.
348 2024 404 2091 Ibi
428 2025 535 2094 verba
570 2025 726 2116 adquae
761 2024 940 2112 appellat,
971 2030 1054 2090 sunt
1090 2022 1362 2110 simplicissima:

206 2133 334 2222 cErgo
366 2133 471 2201 unius
494 2132 590 2220 (Dei)
625 2133 685 2223 qui
709 2132 858 2220 complet
888 2131 1026 2215 omnia,
1056 2131 1153 2199 etin
1181 2153 1248 2222 quo
1284 2138 1368 2198 sunt

202 2240 324 2323 omnia,
343 2237 400 2306 his
424 2239 542 2307 verbis
566 2239 631 2307 sub
654 2240 824 2328 mysterio
847 2247 987 2307 sanctae
1012 2238 1203 2306 Trinitatis
1236 2238 1366 2305 notitia

202 2345 436 2434 praedicatum
455 2345 506 2413 ait
522 2344 613 2412 enim
635 2344 764 2412 Filius:
784 2344 940 2431 Spiritus
956 2344 1107 2413 Sanctus
1131 2366 1153 2411 a
1168 2344 1274 2413 Patre
1290 2367 1369 2434 pro·

203 2453 303 2539 cedit3
323 2461 437 2520 tamen
462 2459 602 2540 propter
625 2452 826 2521 societatem
843 2452 1083 2544 unitatemque
1099 2458 1246 2522 naturae
1271 2452 1364 2520 sui·

203 2559 247 2627 lio
271 2561 443 2630 mittitur.
464 2588 479 2622 n
498 2560 620 2628 Missio
644 2560 762 2630 activa
786 2583 826 2628 ac
850 2561 966 2628 virtus
990 2560 1155 2630 mittendi
1180 2560 1369 2628 communis

111 2662 120 2679 x
204 2668 390 2736 Filiocum
413 2670 585 2753 Patre,et
608 2669 726 2737 missio
749 2669 891 2757 passiva
914 2668 951 2736 in
976 2668 1114 2755 Spiritu
1139 2670 1267 2736 Sancto
1291 2690 1371 2758 quo·
1434 2682 1437 2685 ’

203 2775 297 2843 modo
321 2776 535 2844 demonstret
551 2776 754 2844 societatem
777 2777 1018 2867 unitatemque
1032 2783 1193 2858 naturae,
1213 2776 1301 2843 satis
1316 2775 1367 2842 di·
1461 2834 1463 2841 .

203 2882 325 2952 ximus.
345 2883 534 2952 Procedere
558 2890 674 2952 autam
699 2882 872 2973 Spiritum
896 2907 918 2952 a
933 2885 1050 2967 Patre,
1070 2907 1185 2954 omnes
1202 2885 1371 2954 catholici

203 2990 416 3076 profitemur,
435 2991 519 3059 licet
541 3013 563 3058 a
578 2989 683 3058 Patre
707 2992 883 3080 procedat,
903 2999 1075 3083 quatenus
1092 3017 1199 3061 unum
1222 3001 1276 3062 cst
1292 3016 1370 3061 cum

205 3097 294 3168 Filio
318 3097 531 3186 principium
554 3099 772 3190 procedentis
797 3097 966 3187 Spiritus.
986 3100 1098 3181 Quam
1122 3102 1259 3192 quidem
1284 3125 1373 3170 com-

206 3206 399 3273 munionem
424 3207 629 3295 spirationis
653 3207 689 3274 in
713 3207 819 3273 Patre
842 3212 878 3274 et
893 3207 986 3274 Filio
1009 3208 1385 3293 Pseudo-Ambrosius·

207 3312 396 3404 clarissime
431 3314 668 3397 demonstrat,
693 3313 800 3381 etiam
836 3320 876 3381 ut
909 3313 1014 3383 lectio
1054 3315 1159 3384 habet
1191 3316 1367 3384 Maurina.

210 3421 342 3488 «Unus
365 3421 499 3507 (Pater)
524 3422 675 3510 diligens
699 3445 777 3490 eum
800 3421 975 3507 (Filium),
1001 3424 1062 3515 qui
1087 3425 1127 3492 de
1151 3424 1214 3491 illo
1238 3428 1310 3509 est;
1336 3428 1372 3490 et

209 3548 296 3596 unus
320 3527 474 3616 diligens
498 3552 586 3612 eum,
605 3530 646 3597 de
670 3552 736 3619 quo
760 3537 825 3616 est;
845 3537 880 3598 et
908 3531 985 3616 ipso
1010 3531 1150 3597 dilectio
1174 3528 1262 3596 idem
1285 3555 1372 3597 unus

209 3649 439 3727 utrorumque,
458 3636 495 3702 id
518 3651 566 3703 cst
588 3640 742 3724 Spiritus
765 3641 968 3709 Sanctus...
998 3638 1154 3728 Spiritus
1178 3661 1262 3728 ergo
1286 3638 1374 3707 San·

212 3748 285 3811 ctus
309 3766 379 3810 non
402 3751 456 3812 est
479 3745 634 3833 genitus,
652 3745 709 3812 sed
727 3748 896 3835 positoris
912 3749 1092 3837 peritique
1114 3750 1282 3829 suavitas,
1296 3771 1373 3814 soo-

213 3857 311 3918 ctitas
336 3868 440 3946 atque
462 3857 648 3920 aeternitas
673 3869 722 3920 est
746 3854 795 3940 (h.
814 3877 844 3924 e.
863 3864 1007 3924 aeterna
1025 3855 1184 3922 suavitas
1208 3878 1270 3923 seu
1294 3855 1375 3924 cha·

212 3961 298 4030 ritas
322 3973 358 4030 et
381 3962 551 4029 sanctitas
575 3963 778 4046 amborum).
797 3961 846 4049 (1-)
869 3962 955 4032 Nam
976 3983 1066 4029 cum
1097 3958 1204 4030 Pater
1228 3963 1276 4030 sit
1306 3961 1375 4052 spi-

212 4068 312 4154 ritus,
332 4076 368 4138 et
391 4069 507 4138 Filius
532 4070 691 4160 spiritus3
711 4077 746 4137 et
768 4071 874 4138 Pater
905 4076 1070 4153 sanctus,
1096 4077 1132 4138 et
1153 4069 1271 4139 Filius
1299 4089 1375 4138 san·

214 4185 299 4247 ctus:
317 4179 455 4270 proprie
478 4186 593 4246 tamen
618 4178 659 4247 de
694 4176 839 4280 Spiritu¹
856 4178 987 4246 dicitur
1023 4174 1178 4264 Spiritus
1207 4174 1372 4247 Sanctus.

280 4415 323 4492 (1)
342 4417 386 4471 Ex
404 4415 525 4482 August.
540 4416 622 4474 Prin.
636 4413 686 4472 Vl.
702 4427 732 4471 n.
746 4412 771 4484 ’ῖς
787 4415 849 4471 XV·
865 4429 894 4468 n.
910 4412 955 4469 at.
