3120 4988
693 337 737 353 -
752 303 816 370 aba
832 339 876 355 -

194 411 352 504 quinque
364 411 696 500 praevaricatorum,
706 429 809 500 quam
819 400 990 477 actionem
1003 412 1136 478 sextam
1145 408 1293 480 concilii
1307 431 1368 501 ap-

195 519 388 608 pellarunt,
407 525 486 586 acta
502 518 719 602 referuntur,
737 515 855 585 eadem
880 515 1092 585 exhibentur
1113 516 1208 586 lecta
1230 515 1286 585 die
1309 517 1364 585 la.

194 626 317 696 Martii
336 627 375 694 in
395 625 526 714 templo
547 648 575 694 s.
596 623 747 715 Sophiae
770 646 884 692 coram
908 632 1080 694 conventu
1099 623 1368 714 alioEpiscopo-

196 755 286 828 rum,
306 755 452 826 quorum
468 754 633 799 numerus
645 736 796 799 tacetur.
816 729 910 798 Haec
926 730 1060 799 dicitur
1071 731 1163 799 aetio
1179 731 1262 800 VH.
1281 733 1368 801 Con-

197 842 295 925 cilii,
326 841 362 908 in
386 862 454 933 qua
477 839 789 929 approbationibus
820 838 971 907 omnium
995 846 1173 927 gestorum
1197 838 1235 906 in
1260 839 1368 908 actio·

197 972 238 1017 ne
261 948 327 1019 VI.
351 954 387 1016 et
409 947 556 1015 insulsis
579 945 841 1014 adulationibus
864 966 950 1035 erga
966 945 1142 1029 Photium,
1161 968 1202 1013 ac
1218 946 1367 1037 donique

196 1055 468 1146 proclamatione
496 1054 669 1143 primatus
692 1052 1071 1143 Constantinopolitani
1098 1081 1114 1117 a
1139 1053 1176 1120 in
1199 1054 1366 1147 mundum

198 1162 402 1230 universum
427 1186 444 1222 n
474 1166 549 1228 tota
572 1158 694 1227 fabula
722 1159 880 1227 confecta
914 1163 970 1228 est
996 1160 1047 1246 (1)
1074 1159 1214 1246 (Marsi
1245 1159 1363 1228 XVII.

197 1295 232 1360 p.
248 1269 324 1338 511.
345 1269 450 1361 sqq.).

268 1467 309 1544 (1)
327 1473 388 1525 Nou
407 1466 572 1536 ignoramus
592 1469 714 1538 quidem,
729 1485 813 1537 quam
832 1485 944 1524 servum
963 1485 1046 1540 perna
1067 1471 1108 1524 slt
1126 1471 1208 1525 homo
1228 1472 1366 1538 Byzanti-

194 1580 258 1631 nus,
274 1563 324 1616 vix
343 1566 438 1616 tamer
457 1561 606 1628 qnisquam
634 1561 692 1613 sibi
722 1561 908 1628 persuaserit,
933 1561 965 1612 in
994 1567 1137 1616 conventu
1165 1565 1214 1629 qni
1243 1565 1365 1630 speciant

194 1653 318 1708 (lencilii
332 1651 521 1719 praeferebat,
530 1651 686 1703 Photicnos
700 1649 831 1703 mitratos
846 1666 877 1704 ao
890 1666 976 1718 nsque
991 1652 1174 1720 blasphemae
1184 1652 1362 1706 adolationis

193 1741 329 1812 progredi
348 1741 531 1808 patrissant
549 1738 580 1792 ln
601 1739 653 1792 hac
672 1740 736 1794 VII.
760 1741 872 1793 actione
891 1742 1054 1810 exhibctnr;
1071 1742 1152 1795 nollo
1171 1747 1265 1796 autam
1284 1742 1364 1797 modo

194 1833 333 1890 credibile
352 1832 395 1899 at,
416 1833 526 1897 legatos
545 1831 696 1897 Romanos,
721 1833 904 1898 quantumvis
931 1831 1130 1898 ineptissimos
1159 1847 1310 1901 supponas,
1332 1850 1366 1888 aa

195 1923 306 1976 dixisse
318 1925 347 1974 et
356 1921 540 1988 approbasse,
552 1936 623 1987 qnae
634 1919 677 1973 ibi
688 1921 863 1974 referuntur.
871 1921 927 1975 cnr
938 1920 973 1974 ad
983 1921 1181 1976 celebrandam
1193 1923 1364 1991 sapientiam

193 2017 224 2068 ct
242 2013 426 2067 sanctitatem
443 2011 542 2064 Photii
562 2011 729 2064 nominatim
749 2010 921 2064 inducantur
942 2031 954 2060 u
975 2013 1064 2067 Italia
1082 2018 1112 2066 et
1139 2013 1243 2080 (iallia,
1271 2034 1283 2062 n
1305 2029 1361 2066 non

194 2119 230 2158 ax
248 2105 310 2157 solo
328 2102 425 2155 studio
443 2101 655 2156 commendandi
677 2103 868 2168 Byzantinnm
890 2122 902 2149 u
918 2102 1070 2170 primatum
1089 2104 1121 2156 in
1140 2104 1273 2157 mnndum
1301 2105 1365 2157 nni·

193 2209 344 2260 versamur
361 2192 409 2244 aad
420 2193 543 2244 tortasse
557 2191 622 2243 inde
636 2207 744 2258 quoqne
758 2192 978 2259 explicationem
990 2194 1086 2262 habet,
1103 2193 1175 2262 quod
1192 2200 1249 2247 tum
1262 2196 1293 2248 in
1307 2195 1364 2248 Ita·

194 2285 237 2340 lia
255 2299 272 2335 a
290 2281 476 2335 Pontificibus
495 2280 611 2352 Nicolao
622 2281 647 2333 1.
660 2284 688 2332 at
707 2280 853 2334 Hadriano
864 2281 904 2334 II.
919 2285 976 2334 tum
990 2282 1106 2336 hortatu
1122 2283 1231 2337 Nicolal
1246 2285 1277 2336 in
1298 2300 1364 2350 syn-

195 2375 258 2428 odis
272 2373 384 2427 (ialliae
403 2372 606 2425 atGermaniaa
626 2387 656 2425 ac
675 2370 764 2424 editis
783 2374 871 2425 etiam
895 2373 981 2426 libris
1001 2371 1174 2446 (Ratramni,
1187 2374 1297 2430 danaae
1313 2376 1366 2428 Pa·

193 2461 341 2533 rialensis)
359 2461 458 2515 Photii
478 2453 618 2514 sanctitas
638 2460 771 2515 damnata
789 2461 893 2530 luerat,
908 2467 938 2516 at
956 2464 1017 2517 alus
1037 2465 1182 2531 sapiantla
1203 2467 1361 2519 confutata.

265 2554 373 2606 Utrum·
387 2565 482 2604 verum
502 2550 625 2602 dixerim
645 2564 763 2617 negans,
780 2551 891 2616 lagatos
909 2552 1059 2606 Pontificis
1078 2569 1111 2606 ea
1130 2553 1187 2607 fari
1214 2558 1244 2607 at
1270 2554 1365 2607 tacere
1454 2569 1461 2584 ·

183 2641 330 2710 potuisse,
346 2654 417 2707 quaa
430 2639 472 2691 ibi
485 2639 642 2705 finguntur,
652 2638 760 2693 iudicet
774 2639 865 2693 lector
878 2655 912 2692 ax
926 2642 991 2709 ipsa
1002 2643 1071 2696 Divi
1086 2643 1184 2696 Photii
1200 2644 1363 2712 apotheosi,

192 2746 264 2800 qnae
283 2732 327 2783 ita
345 2730 443 2784 babet.
460 2748 473 2777 a
488 2728 667 2782 sanctissimi
686 2730 776 2795 legati
795 2731 931 2797 antiquae
952 2731 1056 2783 Romae
1082 2730 1226 2784 dixerunt:
1248 2731 1363 2786 benedi·

191 2825 253 2876 ctus
271 2821 356 2886 Deus,
373 2817 448 2885 quod
467 2820 574 2885 optima
593 2818 669 2872 fama
687 2819 864 2872 sanctissimi
882 2820 981 2873 Photii
1000 2821 1181 2888 patriarchae
1200 2837 1256 2875 non
1273 2824 1362 2877 solnm

190 2912 221 2965 in
241 2912 369 2963 nostram
389 2909 531 2974 regionem
550 2904 595 2982 (in
616 2924 672 2976 qua
690 2925 788 2977 nempe
809 2911 947 2964 hactenus
966 2926 1022 2965 non
1043 2894 1121 2964 aliud
1142 2926 1223 2978 quam
1244 2914 1362 2966 anathe-

190 3019 237 3056 ma
255 3004 356 3053 contra
373 3001 467 3066 ipsum
486 3001 582 3054 inerat
600 2996 753 3069 auditum),
769 3000 818 3053 sed
838 3002 925 3053 ctiam
945 3002 976 3054 in
994 3003 1160 3056 universnm
1179 3003 1272 3055 orbam
1299 3020 1362 3071 per·

173 3092 284 3156 stanit,
301 3093 331 3141 et
348 3105 405 3143 non
424 3094 483 3143 tam
501 3091 532 3142 in
552 3091 649 3144 verbis
669 3089 882 3144 tundamentum
901 3091 1098 3159 iubatorum
1123 3108 1157 3146 ex
1185 3093 1271 3146 factis
1300 3094 1362 3146 eins

192 3177 237 3251 (ut
256 3183 340 3232 erant
358 3179 427 3231 bina
445 3180 561 3232 invasio
582 3179 669 3248 sadis,
685 3184 769 3232 atrox
788 3181 948 3246 persecutio
967 3186 1109 3236 contras.
1133 3183 1290 3251 Ignatium,
1319 3183 1362 3237 in·

193 3269 348 3336 terpolatio
368 3271 553 3336 epistolarum
573 3271 686 3323 Nicolai
705 3273 734 3323 at
753 3275 877 3323 actorum
904 3272 1094 3340 synodalium,
1115 3275 1258 3341 corruptio
1287 3277 1362 3340 lega-

194 3362 286 3412 torum
305 3358 430 3411 eiusdem
444 3359 600 3426 Pontificis,
616 3359 771 3414 celebratio
784 3361 997 3414 latrocinalium
1010 3363 1182 3429 synodorum
1203 3368 1232 3416 at
1247 3364 1360 3417 santan-

194 3451 237 3501 tia
255 3447 449 3501 damnationis
475 3451 504 3500 at
532 3449 722 3514 depositionis
752 3454 851 3503 contra
869 3450 963 3518 ipsum
993 3453 1169 3521 Pontificem,
1191 3470 1223 3507 ac
1251 3454 1361 3507 damam

193 3539 327 3605 pervicax
348 3536 468 3590 rebellio
487 3541 587 3591 contra
605 3537 762 3591 Concilium
782 3537 865 3610 VIII)
884 3543 1051 3608 penetravit
1076 3542 1147 3596 flnas
1174 3547 1283 3610 tarrac,
1311 3559 1363 3596 nac

193 3629 282 3682 solum
301 3628 333 3678 in
352 3628 474 3681 Galliam
493 3630 524 3679 et
542 3628 658 3682 italiam
672 3632 811 3697 pervasit,
830 3631 879 3684 aad
899 3637 929 3685 et
953 3633 984 3684 in
1015 3649 1122 3686 omnem
1148 3638 1263 3702 terram,
1288 3650 1361 3702 quae

192 3719 242 3770 snb
262 3719 322 3770 sole
343 3722 396 3784 eet;
413 3719 518 3785 hocque
538 3721 684 3772 testantur
701 3734 758 3773 non
778 3723 880 3789 solum,
899 3723 949 3789 qni
968 3723 1096 3788 linguam
1125 3739 1252 3788 graecam
1279 3726 1364 3792 prod-

192 3810 300 3873 tentor,
318 3807 368 3859 sed
386 3807 479 3873 ipsum
494 3808 579 3861 etiam
598 3809 747 3862 barbarum
767 3814 796 3863 at
814 3812 1020 3865 ferocissimum
1040 3828 1137 3879 genus,
1160 3828 1216 3866 non
1236 3830 1298 3867 essa
1311 3816 1361 3868 si·

186 3899 290 3950 ¹milam
308 3896 336 3948 ci
366 3896 510 3961 sapientia
541 3902 571 3950 at
599 3899 730 3965 scientia,
752 3915 842 3966 nequa
862 3901 1017 3966 largitione
1048 3905 1078 3954 et
1105 3904 1358 3971 commiseratione,

191 4003 281 4054 neque
294 3987 475 4051 benignitate
490 3993 518 4040 et
531 3988 695 4041 bumilitate
707 3985 786 4061 (sic),
803 3993 832 4042 ct
856 3992 928 4058 quod
954 4008 1064 4059 semper
1092 3994 1167 4047 lacta
1199 3995 1260 4048 cius
1292 3998 1362 4049 sunt

191 4078 285 4146 plura,
314 4093 395 4144 qnam
420 4079 517 4131 verbis
547 4079 603 4133 dici
635 4080 736 4146 possit.
764 4082 878 4134 ”Nunc
906 4084 1042 4151 sequitur,
1065 4085 1133 4150 qnid
1163 4085 1232 4139 haec
1262 4086 1362 4139 tabula
1460 4072 1463 4078 ¹

192 4168 299 4222 doceat.
332 4169 513 4234 «Procopius
531 4168 769 4237 Archiapiscopus
794 4171 945 4225 caesareae
972 4172 1165 4240 cappadociae
1193 4175 1289 4228 dixit:
1319 4181 1361 4228 ta·

193 4262 247 4313 lem
273 4258 390 4314 decebat
415 4276 476 4313 csse
500 4260 531 4312 in
550 4261 693 4329 veritate,
715 4263 765 4328 qai
791 4263 877 4314 totius
894 4264 995 4314 maadi
1011 4266 1128 4317 sortitas
1158 4277 1197 4318 cst
1209 4267 1362 4333 primatum

194 4348 250 4421 (ror
270 4371 316 4403 του
341 4371 493 4421 συμπαντος
515 4371 615 4421 acopon
636 4373 681 4408 την
702 4350 842 4404 inroravit
871 4349 1016 4423 λαχοντα),
1044 4353 1079 4407 ad
1099 4359 1224 4409 normam
1258 4358 1362 4410 summi

196 4441 317 4506 pastoris
337 4437 447 4492 christi
466 4440 518 4492 Dei
537 4439 639 4494 nostri.
654 4439 688 4492 Id
717 4441 790 4507 quod
819 4441 905 4495 etiam
926 4451 1106 4510 praevertam
1134 4447 1235 4499 beatus
1253 4446 1360 4500 Paulus
