<?xml version="1.0" encoding="UTF-8"?>
<!DOCTYPE html PUBLIC "-//W3C//DTD XHTML 1.0 Transitional//EN"
    "http://www.w3.org/TR/xhtml1/DTD/xhtml1-transitional.dtd">
<html xmlns="http://www.w3.org/1999/xhtml" xml:lang="en" lang="en">
 <head>
  <title>
</title>
<meta http-equiv="Content-Type" content="text/html;charset=utf-8" />
  <meta name='ocr-system' content='tesseract 3.04.00' />
  <meta name='ocr-capabilities' content='ocr_page ocr_carea ocr_par ocr_line ocrx_word'/>
</head>
<body>
  <div class='ocr_page' id='page_1' title='image "./ioannisbaptfran00frangoog_0178.png"; bbox 0 0 3120 4988; ppageno 0'>
   <div class='ocr_carea' id='block_1_1' title="bbox 192 308 1369 938">
    <p class='ocr_par' dir='ltr' id='par_1_1' title="bbox 192 308 1369 938">
     <span class='ocr_line' id='line_1_1' title="bbox 692 308 867 373; baseline -0.017 0"><span class='ocrx_word' id='word_1_1' title='bbox 692 341 730 356; x_wconf 97' lang='lat'>-</span> <span class='ocrx_word' id='word_1_2' title='bbox 752 308 809 373; x_wconf 74' lang='lat'>173</span> <span class='ocrx_word' id='word_1_3' title='bbox 830 342 867 357; x_wconf 88' lang='lat'><em>-</em></span> 
     </span>
     <span class='ocr_line' id='line_1_2' title="bbox 192 409 1367 506; baseline 0.003 -19"><span class='ocrx_word' id='word_1_4' title='bbox 192 416 389 487; x_wconf 73' lang='lat' dir='ltr'><strong>Concilium</strong></span> <span class='ocrx_word' id='word_1_5' title='bbox 401 414 611 485; x_wconf 73' lang='lat' dir='ltr'>Vaticanum</span> <span class='ocrx_word' id='word_1_6' title='bbox 634 437 719 485; x_wconf 87' lang='lat' dir='ltr'>sess.</span> <span class='ocrx_word' id='word_1_7' title='bbox 739 416 772 483; x_wconf 81' lang='lat'>3.</span> <span class='ocrx_word' id='word_1_8' title='bbox 791 439 866 506; x_wconf 89' lang='lat' dir='ltr'>cap.</span> <span class='ocrx_word' id='word_1_9' title='bbox 884 414 917 486; x_wconf 75' lang='lat'>24.</span> <span class='ocrx_word' id='word_1_10' title='bbox 936 440 1013 488; x_wconf 88' lang='lat' dir='ltr'>can.</span> <span class='ocrx_word' id='word_1_11' title='bbox 1032 409 1065 486; x_wconf 74' lang='lat' dir='ltr'>d.</span> <span class='ocrx_word' id='word_1_12' title='bbox 1084 419 1126 488; x_wconf 90' lang='lat' dir='ltr'>de</span> <span class='ocrx_word' id='word_1_13' title='bbox 1142 418 1230 489; x_wconf 80' lang='lat' dir='ltr'>Fide</span> <span class='ocrx_word' id='word_1_14' title='bbox 1245 427 1281 490; x_wconf 88' lang='lat' dir='ltr'>et</span> <span class='ocrx_word' id='word_1_15' title='bbox 1297 422 1367 492; x_wconf 87' lang='lat' dir='ltr'>Ra·</span> 
     </span>
     <span class='ocr_line' id='line_1_3' title="bbox 192 521 1366 614; baseline 0.004 -23"><span class='ocrx_word' id='word_1_16' title='bbox 192 523 317 610; x_wconf 83' lang='lat' dir='ltr'>tione).</span> <span class='ocrx_word' id='word_1_17' title='bbox 344 523 438 591; x_wconf 89' lang='lat' dir='ltr'>Haeo</span> <span class='ocrx_word' id='word_1_18' title='bbox 461 528 577 590; x_wconf 88' lang='lat' dir='ltr'>autem</span> <span class='ocrx_word' id='word_1_19' title='bbox 609 523 881 610; x_wconf 68' lang='lat' dir='ltr'><em>irreformabilis</em></span> <span class='ocrx_word' id='word_1_20' title='bbox 911 527 1110 614; x_wconf 83' lang='lat' dir='ltr'>perennitas</span> <span class='ocrx_word' id='word_1_21' title='bbox 1133 527 1300 596; x_wconf 87' lang='lat' dir='ltr'>veritatis</span> <span class='ocrx_word' id='word_1_22' title='bbox 1316 521 1366 596; x_wconf 64' lang='lat' dir='ltr'>⁴ex</span> 
     </span>
     <span class='ocr_line' id='line_1_4' title="bbox 193 629 1367 722; baseline 0.005 -24"><span class='ocrx_word' id='word_1_23' title='bbox 193 632 274 720; x_wconf 86' lang='lat' dir='ltr'>ipsa</span> <span class='ocrx_word' id='word_1_24' title='bbox 296 629 348 698; x_wconf 86' lang='lat' dir='ltr'>rei</span> <span class='ocrx_word' id='word_1_25' title='bbox 383 636 513 698; x_wconf 87' lang='lat' dir='ltr'>natura</span> <span class='ocrx_word' id='word_1_26' title='bbox 546 631 641 698; x_wconf 91' lang='lat' dir='ltr'>sicut</span> <span class='ocrx_word' id='word_1_27' title='bbox 663 634 702 696; x_wconf 77' lang='lat' dir='ltr'>irs</span> <span class='ocrx_word' id='word_1_28' title='bbox 724 632 860 697; x_wconf 79' lang='lat' dir='ltr'>vocibus</span> <span class='ocrx_word' id='word_1_29' title='bbox 884 656 924 698; x_wconf 86' lang='lat' dir='ltr'>ac</span> <span class='ocrx_word' id='word_1_30' title='bbox 954 634 1101 721; x_wconf 72' lang='lat' dir='ltr'>syllabis</span> <span class='ocrx_word' id='word_1_31' title='bbox 1125 634 1297 722; x_wconf 82' lang='lat' dir='ltr'>symboli,</span> <span class='ocrx_word' id='word_1_32' title='bbox 1325 635 1367 704; x_wconf 89' lang='lat' dir='ltr'>de</span> 
     </span>
     <span class='ocr_line' id='line_1_5' title="bbox 194 736 1369 830; baseline 0.003 -25"><span class='ocrx_word' id='word_1_33' title='bbox 194 739 322 830; x_wconf 89' lang='lat' dir='ltr'>quibus</span> <span class='ocrx_word' id='word_1_34' title='bbox 345 736 505 826; x_wconf 86' lang='lat' dir='ltr'>Cyrillus</span> <span class='ocrx_word' id='word_1_35' title='bbox 528 736 699 828; x_wconf 89' lang='lat' dir='ltr'>loquitur,</span> <span class='ocrx_word' id='word_1_36' title='bbox 719 759 827 828; x_wconf 87' lang='lat' dir='ltr'>aeque</span> <span class='ocrx_word' id='word_1_37' title='bbox 851 739 948 806; x_wconf 86' lang='lat' dir='ltr'>valet</span> <span class='ocrx_word' id='word_1_38' title='bbox 971 739 1007 806; x_wconf 93' lang='lat' dir='ltr'>in</span> <span class='ocrx_word' id='word_1_39' title='bbox 1032 741 1191 809; x_wconf 88' lang='lat' dir='ltr'>omnibus</span> <span class='ocrx_word' id='word_1_40' title='bbox 1211 741 1294 809; x_wconf 88' lang='lat' dir='ltr'>aliis</span> <span class='ocrx_word' id='word_1_41' title='bbox 1310 741 1369 809; x_wconf 89' lang='lat' dir='ltr'>de-</span> 
     </span>
     <span class='ocr_line' id='line_1_6' title="bbox 194 844 1322 938; baseline 0 -24"><span class='ocrx_word' id='word_1_42' title='bbox 194 845 417 914; x_wconf 88' lang='lat' dir='ltr'>finiticnibus</span> <span class='ocrx_word' id='word_1_43' title='bbox 440 844 621 911; x_wconf 87' lang='lat' dir='ltr'>doctrinae</span> <span class='ocrx_word' id='word_1_44' title='bbox 645 844 687 909; x_wconf 91' lang='lat' dir='ltr'>ab</span> <span class='ocrx_word' id='word_1_45' title='bbox 710 844 871 912; x_wconf 78' lang='lat' dir='ltr'>Ecclesia</span> <span class='ocrx_word' id='word_1_46' title='bbox 893 846 1096 916; x_wconf 89' lang='lat' dir='ltr'>authentice</span> <span class='ocrx_word' id='word_1_47' title='bbox 1119 847 1322 938; x_wconf 85' lang='lat' dir='ltr'>propositis.</span> 
     </span>
    </p>
   </div>
   <div class='ocr_carea' id='block_1_2' title="bbox 262 951 1501 1043">
    <p class='ocr_par' dir='ltr' id='par_1_2' title="bbox 262 951 1501 1043">
     <span class='ocr_line' id='line_1_7' title="bbox 262 951 1501 1043; baseline 0.001 -22"><span class='ocrx_word' id='word_1_48' title='bbox 262 953 394 1022; x_wconf 90' lang='lat' dir='ltr'>Verum</span> <span class='ocrx_word' id='word_1_49' title='bbox 418 958 459 1019; x_wconf 87' lang='lat' dir='ltr'>ut</span> <span class='ocrx_word' id='word_1_50' title='bbox 482 952 688 1020; x_wconf 88' lang='lat' dir='ltr'>distinctius</span> <span class='ocrx_word' id='word_1_51' title='bbox 711 951 939 1041; x_wconf 82' lang='lat' dir='ltr'>intelligatur</span> <span class='ocrx_word' id='word_1_52' title='bbox 962 953 1117 1043; x_wconf 85' lang='lat' dir='ltr'>genuina</span> <span class='ocrx_word' id='word_1_53' title='bbox 1140 955 1317 1024; x_wconf 90' lang='lat' dir='ltr'>sententia</span> <span class='ocrx_word' id='word_1_54' title='bbox 1333 955 1369 1022; x_wconf 94' lang='lat' dir='ltr'>in</span> <span class='ocrx_word' id='word_1_55' title='bbox 1498 1005 1501 1009; x_wconf 22' lang='grc' dir='ltr'><em>ν</em></span> 
     </span>
    </p>
   </div>
   <div class='ocr_carea' id='block_1_3' title="bbox 188 1059 1473 4505">
    <p class='ocr_par' dir='ltr' id='par_1_3' title="bbox 188 1059 1473 4505">
     <span class='ocr_line' id='line_1_8' title="bbox 193 1059 1368 1152; baseline 0.001 -21"><span class='ocrx_word' id='word_1_56' title='bbox 193 1062 271 1131; x_wconf 88' lang='lat' dir='ltr'>illis</span> <span class='ocrx_word' id='word_1_57' title='bbox 295 1060 412 1129; x_wconf 89' lang='lat' dir='ltr'>verbis</span> <span class='ocrx_word' id='word_1_58' title='bbox 435 1059 578 1151; x_wconf 83' lang='lat' dir='ltr'>Cyrilli,</span> <span class='ocrx_word' id='word_1_59' title='bbox 605 1059 879 1129; x_wconf 78' lang='lat' dir='ltr'>considerandus</span> <span class='ocrx_word' id='word_1_60' title='bbox 903 1067 959 1130; x_wconf 89' lang='lat' dir='ltr'>est</span> <span class='ocrx_word' id='word_1_61' title='bbox 975 1085 1098 1152; x_wconf 90' lang='lat' dir='ltr'>scopus</span> <span class='ocrx_word' id='word_1_62' title='bbox 1115 1069 1152 1132; x_wconf 90' lang='lat' dir='ltr'>et</span> <span class='ocrx_word' id='word_1_63' title='bbox 1167 1069 1368 1132; x_wconf 87' lang='lat' dir='ltr'>contextus.</span> 
     </span>
     <span class='ocr_line' id='line_1_9' title="bbox 194 1168 1371 1258; baseline 0.002 -21"><span class='ocrx_word' id='word_1_64' title='bbox 194 1170 380 1258; x_wconf 75' lang='lat' dir='ltr'>Agebatur</span> <span class='ocrx_word' id='word_1_65' title='bbox 403 1168 444 1236; x_wconf 93' lang='lat' dir='ltr'>de</span> <span class='ocrx_word' id='word_1_66' title='bbox 469 1189 552 1257; x_wconf 91' lang='lat' dir='ltr'>pace</span> <span class='ocrx_word' id='word_1_67' title='bbox 576 1169 808 1256; x_wconf 88' lang='lat' dir='ltr'>componenda</span> <span class='ocrx_word' id='word_1_68' title='bbox 832 1191 909 1238; x_wconf 93' lang='lat' dir='ltr'>cum</span> <span class='ocrx_word' id='word_1_69' title='bbox 933 1169 1063 1237; x_wconf 80' lang='lat' dir='ltr'>Ioanne</span> <span class='ocrx_word' id='word_1_70' title='bbox 1085 1170 1307 1239; x_wconf 84' lang='lat' dir='ltr'>Antiocheno</span> <span class='ocrx_word' id='word_1_71' title='bbox 1334 1177 1371 1239; x_wconf 90' lang='lat' dir='ltr'>et</span> 
     </span>
     <span class='ocr_line' id='line_1_10' title="bbox 195 1268 1473 1368; baseline -0.002 -20"><span class='ocrx_word' id='word_1_72' title='bbox 195 1277 322 1349; x_wconf 87' lang='lat' dir='ltr'>ceteris</span> <span class='ocrx_word' id='word_1_73' title='bbox 352 1268 537 1366; x_wconf 83' lang='lat' dir='ltr'>Episcopis</span> <span class='ocrx_word' id='word_1_74' title='bbox 568 1275 823 1360; x_wconf 84' lang='lat' dir='ltr'>orientalibus,</span> <span class='ocrx_word' id='word_1_75' title='bbox 849 1277 910 1368; x_wconf 90' lang='lat' dir='ltr'>qui</span> <span class='ocrx_word' id='word_1_76' title='bbox 942 1278 979 1344; x_wconf 92' lang='lat' dir='ltr'>in</span> <span class='ocrx_word' id='word_1_77' title='bbox 1004 1277 1160 1346; x_wconf 81' lang='lat' dir='ltr'>Concilio</span> <span class='ocrx_word' id='word_1_78' title='bbox 1190 1278 1371 1368; x_wconf 86' lang='lat' dir='ltr'>Ephesino</span> <span class='ocrx_word' id='word_1_79' title='bbox 1470 1332 1473 1339; x_wconf 90' lang='lat'>.</span> 
     </span>
     <span class='ocr_line' id='line_1_11' title="bbox 197 1382 1369 1478; baseline -0.002 -22"><span class='ocrx_word' id='word_1_80' title='bbox 197 1386 355 1457; x_wconf 87' lang='lat' dir='ltr'>Nestorii</span> <span class='ocrx_word' id='word_1_81' title='bbox 379 1382 535 1452; x_wconf 84' lang='lat' dir='ltr'>fautores</span> <span class='ocrx_word' id='word_1_82' title='bbox 559 1383 759 1452; x_wconf 80' lang='lat' dir='ltr'>scissionem</span> <span class='ocrx_word' id='word_1_83' title='bbox 782 1385 1005 1454; x_wconf 84' lang='lat' dir='ltr'>induxerant.</span> <span class='ocrx_word' id='word_1_84' title='bbox 1032 1384 1074 1453; x_wconf 94' lang='lat' dir='ltr'>In</span> <span class='ocrx_word' id='word_1_85' title='bbox 1095 1387 1160 1455; x_wconf 89' lang='lat' dir='ltr'>hac</span> <span class='ocrx_word' id='word_1_86' title='bbox 1176 1387 1275 1478; x_wconf 87' lang='lat' dir='ltr'>pacis</span> <span class='ocrx_word' id='word_1_87' title='bbox 1298 1394 1369 1455; x_wconf 88' lang='lat' dir='ltr'>tra-</span> 
     </span>
     <span class='ocr_line' id='line_1_12' title="bbox 198 1477 1373 1584; baseline -0.002 -20"><span class='ocrx_word' id='word_1_88' title='bbox 198 1494 351 1564; x_wconf 90' lang='lat' dir='ltr'>ctatione</span> <span class='ocrx_word' id='word_1_89' title='bbox 375 1492 562 1559; x_wconf 83' lang='lat' dir='ltr'>orientales</span> <span class='ocrx_word' id='word_1_90' title='bbox 578 1477 727 1561; x_wconf 88' lang='lat' dir='ltr'>absurde</span> <span class='ocrx_word' id='word_1_91' title='bbox 744 1493 895 1582; x_wconf 91' lang='lat' dir='ltr'>primum</span> <span class='ocrx_word' id='word_1_92' title='bbox 918 1494 1159 1584; x_wconf 83' lang='lat' dir='ltr'>postulabant,</span> <span class='ocrx_word' id='word_1_93' title='bbox 1179 1503 1220 1564; x_wconf 91' lang='lat' dir='ltr'>ut</span> <span class='ocrx_word' id='word_1_94' title='bbox 1232 1496 1277 1564; x_wconf 90' lang='lat' dir='ltr'>ad</span> <span class='ocrx_word' id='word_1_95' title='bbox 1294 1494 1373 1563; x_wconf 90' lang='lat' dir='ltr'>uni-</span> 
     </span>
     <span class='ocr_line' id='line_1_13' title="bbox 195 1586 1373 1693; baseline 0.001 -22"><span class='ocrx_word' id='word_1_96' title='bbox 195 1610 305 1672; x_wconf 87' lang='lat' dir='ltr'>tatem</span> <span class='ocrx_word' id='word_1_97' title='bbox 330 1600 583 1670; x_wconf 89' lang='lat' dir='ltr'>conciliandam</span> <span class='ocrx_word' id='word_1_98' title='bbox 607 1586 762 1668; x_wconf 84' lang='lat' dir='ltr'>dimissis</span> <span class='ocrx_word' id='word_1_99' title='bbox 781 1601 1046 1671; x_wconf 87' lang='lat' dir='ltr'>delinitionibus</span> <span class='ocrx_word' id='word_1_100' title='bbox 1066 1601 1257 1693; x_wconf 86' lang='lat' dir='ltr'>Ephesinis</span> <span class='ocrx_word' id='word_1_101' title='bbox 1280 1603 1373 1672; x_wconf 90' lang='lat' dir='ltr'>nihil</span> 
     </span>
     <span class='ocr_line' id='line_1_14' title="bbox 197 1708 1373 1800; baseline 0 -20"><span class='ocrx_word' id='word_1_102' title='bbox 197 1710 296 1780; x_wconf 85' lang='lat' dir='ltr'>aliud</span> <span class='ocrx_word' id='word_1_103' title='bbox 322 1710 525 1798; x_wconf 84' lang='lat' dir='ltr'>exigeretur</span> <span class='ocrx_word' id='word_1_104' title='bbox 548 1729 650 1800; x_wconf 88' lang='lat' dir='ltr'>quam</span> <span class='ocrx_word' id='word_1_105' title='bbox 666 1708 835 1798; x_wconf 85' lang='lat' dir='ltr'>professio</span> <span class='ocrx_word' id='word_1_106' title='bbox 851 1710 998 1798; x_wconf 80' lang='lat' dir='ltr'>symboli</span> <span class='ocrx_word' id='word_1_107' title='bbox 1013 1711 1178 1794; x_wconf 58' lang='lat' dir='ltr'>Niccera}</span> <span class='ocrx_word' id='word_1_108' title='bbox 1200 1712 1265 1780; x_wconf 92' lang='lat' dir='ltr'>hcc</span> <span class='ocrx_word' id='word_1_109' title='bbox 1280 1712 1373 1781; x_wconf 88' lang='lat' dir='ltr'>enim</span> 
     </span>
     <span class='ocr_line' id='line_1_15' title="bbox 199 1815 1371 1907; baseline -0.001 -18"><span class='ocrx_word' id='word_1_110' title='bbox 199 1827 323 1890; x_wconf 92' lang='lat' dir='ltr'>contra</span> <span class='ocrx_word' id='word_1_111' title='bbox 356 1840 471 1886; x_wconf 92' lang='lat' dir='ltr'>omnes</span> <span class='ocrx_word' id='word_1_112' title='bbox 503 1815 664 1885; x_wconf 86' lang='lat' dir='ltr'>haereses</span> <span class='ocrx_word' id='word_1_113' title='bbox 698 1817 854 1885; x_wconf 88' lang='lat' dir='ltr'>sufficere</span> <span class='ocrx_word' id='word_1_114' title='bbox 884 1818 1036 1886; x_wconf 90' lang='lat' dir='ltr'>aiebant.</span> <span class='ocrx_word' id='word_1_115' title='bbox 1063 1819 1240 1907; x_wconf 75' lang='lat' dir='ltr'>cyrillum</span> <span class='ocrx_word' id='word_1_116' title='bbox 1275 1842 1371 1905; x_wconf 87' lang='lat' dir='ltr'>vero,</span> 
     </span>
     <span class='ocr_line' id='line_1_16' title="bbox 199 1923 1375 2018; baseline -0.002 -20"><span class='ocrx_word' id='word_1_117' title='bbox 199 1927 511 2018; x_wconf 88' lang='lat' dir='ltr'>conquerebantur,</span> <span class='ocrx_word' id='word_1_118' title='bbox 532 1924 568 1991; x_wconf 91' lang='lat' dir='ltr'>in</span> <span class='ocrx_word' id='word_1_119' title='bbox 593 1923 667 1991; x_wconf 85' lang='lat' dir='ltr'>suis</span> <span class='ocrx_word' id='word_1_120' title='bbox 691 1923 853 2011; x_wconf 89' lang='lat' dir='ltr'>epistolis</span> <span class='ocrx_word' id='word_1_121' title='bbox 876 1930 911 1992; x_wconf 89' lang='lat' dir='ltr'>et</span> <span class='ocrx_word' id='word_1_122' title='bbox 934 1925 1236 1993; x_wconf 86' lang='lat' dir='ltr'>anathematismis</span> <span class='ocrx_word' id='word_1_123' title='bbox 1253 1933 1375 1996; x_wconf 89' lang='lat' dir='ltr'>contra</span> 
     </span>
     <span class='ocr_line' id='line_1_17' title="bbox 199 2032 1374 2123; baseline -0.002 -17"><span class='ocrx_word' id='word_1_124' title='bbox 199 2036 403 2107; x_wconf 86' lang='lat' dir='ltr'>Nestorium</span> <span class='ocrx_word' id='word_1_125' title='bbox 426 2034 616 2104; x_wconf 83' lang='lat' dir='ltr'>tradidisse</span> <span class='ocrx_word' id='word_1_126' title='bbox 630 2032 862 2123; x_wconf 89' lang='lat' dir='ltr'>Apollinaris,</span> <span class='ocrx_word' id='word_1_127' title='bbox 877 2033 958 2101; x_wconf 89' lang='lat' dir='ltr'>Arii</span> <span class='ocrx_word' id='word_1_128' title='bbox 974 2041 1010 2102; x_wconf 90' lang='lat' dir='ltr'>st</span> <span class='ocrx_word' id='word_1_129' title='bbox 1020 2034 1186 2103; x_wconf 83' lang='lat' dir='ltr'>Eunomii</span> <span class='ocrx_word' id='word_1_130' title='bbox 1201 2035 1374 2120; x_wconf 82' lang='lat' dir='ltr'>haereses,</span> 
     </span>
     <span class='ocr_line' id='line_1_18' title="bbox 202 2139 1371 2235; baseline -0.002 -23"><span class='ocrx_word' id='word_1_131' title='bbox 202 2167 240 2214; x_wconf 90' lang='lat' dir='ltr'>ac</span> <span class='ocrx_word' id='word_1_132' title='bbox 266 2144 411 2235; x_wconf 89' lang='lat' dir='ltr'>proinde</span> <span class='ocrx_word' id='word_1_133' title='bbox 434 2143 549 2230; x_wconf 88' lang='lat' dir='ltr'>ipsum</span> <span class='ocrx_word' id='word_1_134' title='bbox 573 2140 710 2232; x_wconf 89' lang='lat' dir='ltr'>ipsique</span> <span class='ocrx_word' id='word_1_135' title='bbox 734 2139 1006 2209; x_wconf 86' lang='lat' dir='ltr'>consentientem</span> <span class='ocrx_word' id='word_1_136' title='bbox 1029 2141 1202 2230; x_wconf 86' lang='lat' dir='ltr'>synodum</span> <span class='ocrx_word' id='word_1_137' title='bbox 1225 2140 1371 2231; x_wconf 86' lang='lat' dir='ltr'>Ephesi·</span> 
     </span>
     <span class='ocr_line' id='line_1_19' title="bbox 203 2245 1377 2339; baseline -0.002 -20"><span class='ocrx_word' id='word_1_138' title='bbox 203 2273 281 2319; x_wconf 90' lang='lat' dir='ltr'>nam</span> <span class='ocrx_word' id='word_1_139' title='bbox 307 2248 520 2339; x_wconf 87' lang='lat' dir='ltr'>pervertisse</span> <span class='ocrx_word' id='word_1_140' title='bbox 543 2246 780 2315; x_wconf 89' lang='lat' dir='ltr'>definitionem</span> <span class='ocrx_word' id='word_1_141' title='bbox 804 2245 992 2315; x_wconf 90' lang='lat' dir='ltr'>Nicaenam</span> <span class='ocrx_word' id='word_1_142' title='bbox 1009 2245 1046 2313; x_wconf 93' lang='lat' dir='ltr'>in</span> <span class='ocrx_word' id='word_1_143' title='bbox 1065 2245 1222 2335; x_wconf 89' lang='lat' dir='ltr'>symbolo</span> <span class='ocrx_word' id='word_1_144' title='bbox 1237 2270 1377 2338; x_wconf 86' lang='lat' dir='ltr'>expres-</span> 
     </span>
     <span class='ocr_line' id='line_1_20' title="bbox 204 2352 1373 2445; baseline -0.002 -17"><span class='ocrx_word' id='word_1_145' title='bbox 204 2383 287 2430; x_wconf 88' lang='lat' dir='ltr'>sam.</span> <span class='ocrx_word' id='word_1_146' title='bbox 307 2359 413 2426; x_wconf 87' lang='lat' dir='ltr'>Hisce</span> <span class='ocrx_word' id='word_1_147' title='bbox 429 2354 614 2425; x_wconf 87' lang='lat' dir='ltr'>calumniis</span> <span class='ocrx_word' id='word_1_148' title='bbox 629 2354 789 2445; x_wconf 74' lang='lat' dir='ltr'>cyrillus</span> <span class='ocrx_word' id='word_1_149' title='bbox 805 2352 842 2420; x_wconf 90' lang='lat' dir='ltr'>in</span> <span class='ocrx_word' id='word_1_150' title='bbox 855 2352 929 2421; x_wconf 91' lang='lat' dir='ltr'>suis</span> <span class='ocrx_word' id='word_1_151' title='bbox 941 2353 1100 2443; x_wconf 87' lang='lat' dir='ltr'>epistolis</span> <span class='ocrx_word' id='word_1_152' title='bbox 1112 2353 1168 2422; x_wconf 78' lang='grc'>33.</span> <span class='ocrx_word' id='word_1_153' title='bbox 1180 2355 1235 2423; x_wconf 79' lang='lat'>39.</span> <span class='ocrx_word' id='word_1_154' title='bbox 1249 2355 1305 2424; x_wconf 87' lang='lat'>40.</span> <span class='ocrx_word' id='word_1_155' title='bbox 1316 2357 1373 2426; x_wconf 85' lang='lat'>48.</span> 
     </span>
     <span class='ocr_line' id='line_1_21' title="bbox 204 2461 1376 2554; baseline -0.003 -18"><span class='ocrx_word' id='word_1_156' title='bbox 204 2471 257 2537; x_wconf 78' lang='lat'>55.</span> <span class='ocrx_word' id='word_1_157' title='bbox 277 2466 335 2535; x_wconf 81' lang='grc'>69.</span> <span class='ocrx_word' id='word_1_158' title='bbox 354 2467 409 2534; x_wconf 87' lang='grc'>70.</span> <span class='ocrx_word' id='word_1_159' title='bbox 423 2464 491 2552; x_wconf 80' lang='lat' dir='ltr'>(ed.</span> <span class='ocrx_word' id='word_1_160' title='bbox 511 2462 630 2553; x_wconf 85' lang='lat' dir='ltr'>Migne</span> <span class='ocrx_word' id='word_1_161' title='bbox 646 2464 714 2531; x_wconf 86' lang='lat' dir='ltr'>PP.</span> <span class='ocrx_word' id='word_1_162' title='bbox 730 2462 808 2532; x_wconf 74' lang='lat' dir='ltr'>GG.</span> <span class='ocrx_word' id='word_1_163' title='bbox 826 2461 1080 2550; x_wconf 60' lang='lat' dir='ltr'>QLXXVH.)</span> <span class='ocrx_word' id='word_1_164' title='bbox 1097 2486 1229 2554; x_wconf 85' lang='lat' dir='ltr'>semper</span> <span class='ocrx_word' id='word_1_165' title='bbox 1244 2465 1281 2531; x_wconf 91' lang='lat' dir='ltr'>in</span> <span class='ocrx_word' id='word_1_166' title='bbox 1297 2487 1376 2533; x_wconf 87' lang='lat' dir='ltr'>ean·</span> 
     </span>
     <span class='ocr_line' id='line_1_22' title="bbox 204 2567 1378 2661; baseline -0.002 -17"><span class='ocrx_word' id='word_1_167' title='bbox 204 2576 277 2644; x_wconf 90' lang='lat' dir='ltr'>dem</span> <span class='ocrx_word' id='word_1_168' title='bbox 302 2571 510 2640; x_wconf 89' lang='lat' dir='ltr'>sententiam</span> <span class='ocrx_word' id='word_1_169' title='bbox 535 2570 734 2659; x_wconf 89' lang='lat' dir='ltr'>respondet:</span> <span class='ocrx_word' id='word_1_170' title='bbox 760 2567 795 2637; x_wconf 83' lang='lat' dir='ltr'>se&#39;</span> <span class='ocrx_word' id='word_1_171' title='bbox 812 2569 950 2636; x_wconf 93' lang='lat' dir='ltr'>omnino</span> <span class='ocrx_word' id='word_1_172' title='bbox 966 2577 1084 2639; x_wconf 91' lang='lat' dir='ltr'>tenere</span> <span class='ocrx_word' id='word_1_173' title='bbox 1101 2570 1278 2661; x_wconf 81' lang='lat' dir='ltr'>integrum</span> <span class='ocrx_word' id='word_1_174' title='bbox 1297 2573 1378 2644; x_wconf 85' lang='lat' dir='ltr'>fidei</span> 
     </span>
     <span class='ocr_line' id='line_1_23' title="bbox 200 2676 1378 2772; baseline 0 -24"><span class='ocrx_word' id='word_1_175' title='bbox 200 2679 400 2772; x_wconf 85' lang='lat' dir='ltr'>symbolum</span> <span class='ocrx_word' id='word_1_176' title='bbox 422 2678 460 2746; x_wconf 87' lang='lat' dir='ltr'>in</span> <span class='ocrx_word' id='word_1_177' title='bbox 484 2700 588 2745; x_wconf 88' lang='lat' dir='ltr'>sensu</span> <span class='ocrx_word' id='word_1_178' title='bbox 612 2676 765 2768; x_wconf 83' lang='lat' dir='ltr'>genuino</span> <span class='ocrx_word' id='word_1_179' title='bbox 790 2677 991 2746; x_wconf 89' lang='lat' dir='ltr'>aPatribus</span> <span class='ocrx_word' id='word_1_180' title='bbox 1004 2678 1195 2763; x_wconf 84' lang='lat' dir='ltr'>declarato,</span> <span class='ocrx_word' id='word_1_181' title='bbox 1214 2684 1250 2747; x_wconf 87' lang='lat' dir='ltr'>et</span> <span class='ocrx_word' id='word_1_182' title='bbox 1266 2679 1297 2746; x_wconf 91' lang='lat' dir='ltr'>si</span> <span class='ocrx_word' id='word_1_183' title='bbox 1314 2681 1378 2749; x_wconf 89' lang='lat' dir='ltr'>hoc</span> 
     </span>
     <span class='ocr_line' id='line_1_24' title="bbox 198 2784 1375 2878; baseline -0.002 -19"><span class='ocrx_word' id='word_1_184' title='bbox 198 2813 308 2860; x_wconf 87' lang='lat' dir='ltr'>sensu</span> <span class='ocrx_word' id='word_1_185' title='bbox 331 2786 538 2878; x_wconf 84' lang='lat' dir='ltr'>explicetur,</span> <span class='ocrx_word' id='word_1_186' title='bbox 564 2784 656 2853; x_wconf 92' lang='lat' dir='ltr'>illud</span> <span class='ocrx_word' id='word_1_187' title='bbox 680 2784 801 2876; x_wconf 88' lang='lat' dir='ltr'>utique</span> <span class='ocrx_word' id='word_1_188' title='bbox 825 2785 997 2855; x_wconf 89' lang='lat' dir='ltr'>adversus</span> <span class='ocrx_word' id='word_1_189' title='bbox 1021 2786 1182 2855; x_wconf 89' lang='lat' dir='ltr'>haereses</span> <span class='ocrx_word' id='word_1_190' title='bbox 1206 2788 1375 2877; x_wconf 85' lang='lat' dir='ltr'>sufficere;</span> 
     </span>
     <span class='ocr_line' id='line_1_25' title="bbox 199 2892 1376 2983; baseline -0.004 -15"><span class='ocrx_word' id='word_1_191' title='bbox 199 2912 335 2969; x_wconf 81' lang='lat' dir='ltr'>verum·</span> <span class='ocrx_word' id='word_1_192' title='bbox 352 2921 373 2963; x_wconf 86' lang='lat' dir='ltr'>a</span> <span class='ocrx_word' id='word_1_193' title='bbox 395 2893 559 2963; x_wconf 86' lang='lat' dir='ltr'>Nestorio</span> <span class='ocrx_word' id='word_1_194' title='bbox 590 2894 705 2983; x_wconf 90' lang='lat' dir='ltr'>ipsum</span> <span class='ocrx_word' id='word_1_195' title='bbox 730 2894 822 2961; x_wconf 89' lang='lat' dir='ltr'>hunc</span> <span class='ocrx_word' id='word_1_196' title='bbox 846 2915 985 2961; x_wconf 87' lang='lat' dir='ltr'>sensnm</span> <span class='ocrx_word' id='word_1_197' title='bbox 1010 2893 1187 2982; x_wconf 73' lang='lat' dir='ltr'>perverti,</span> <span class='ocrx_word' id='word_1_198' title='bbox 1212 2892 1292 2960; x_wconf 90' lang='lat' dir='ltr'>ideo</span> <span class='ocrx_word' id='word_1_199' title='bbox 1318 2895 1376 2963; x_wconf 90' lang='lat' dir='ltr'>ad·</span> 
     </span>
     <span class='ocr_line' id='line_1_26' title="bbox 197 2999 1376 3090; baseline -0.006 -13"><span class='ocrx_word' id='word_1_200' title='bbox 197 3018 328 3077; x_wconf 75' lang='lat' dir='ltr'>versus</span> <span class='ocrx_word' id='word_1_201' title='bbox 352 3003 496 3073; x_wconf 88' lang='lat' dir='ltr'>eundem</span> <span class='ocrx_word' id='word_1_202' title='bbox 521 3001 735 3070; x_wconf 88' lang='lat' dir='ltr'>haereticum</span> <span class='ocrx_word' id='word_1_203' title='bbox 752 2999 946 3090; x_wconf 88' lang='lat' dir='ltr'>Ephesinos</span> <span class='ocrx_word' id='word_1_204' title='bbox 964 3002 1086 3069; x_wconf 88' lang='lat' dir='ltr'>Patres</span> <span class='ocrx_word' id='word_1_205' title='bbox 1103 3002 1232 3069; x_wconf 90' lang='lat' dir='ltr'>iterum</span> <span class='ocrx_word' id='word_1_206' title='bbox 1251 3001 1376 3070; x_wconf 86' lang='lat' dir='ltr'>confir-</span> 
     </span>
     <span class='ocr_line' id='line_1_27' title="bbox 200 3109 1381 3201; baseline -0.003 -18"><span class='ocrx_word' id='word_1_207' title='bbox 200 3136 316 3183; x_wconf 89' lang='lat' dir='ltr'>masse</span> <span class='ocrx_word' id='word_1_208' title='bbox 340 3109 537 3201; x_wconf 87' lang='lat' dir='ltr'>symbclum</span> <span class='ocrx_word' id='word_1_209' title='bbox 560 3110 767 3197; x_wconf 88' lang='lat' dir='ltr'>Nicaennm;</span> <span class='ocrx_word' id='word_1_210' title='bbox 797 3131 899 3176; x_wconf 76' lang='lat' dir='ltr'>cnon</span> <span class='ocrx_word' id='word_1_211' title='bbox 923 3109 1014 3176; x_wconf 90' lang='lat' dir='ltr'>enim</span> <span class='ocrx_word' id='word_1_212' title='bbox 1030 3113 1085 3181; x_wconf 88' lang='lat' dir='ltr'>est</span> <span class='ocrx_word' id='word_1_213' title='bbox 1108 3110 1260 3179; x_wconf 89' lang='lat' dir='ltr'>adiicere</span> <span class='ocrx_word' id='word_1_214' title='bbox 1276 3133 1381 3201; x_wconf 86' lang='lat' dir='ltr'>super</span> 
     </span>
     <span class='ocr_line' id='line_1_28' title="bbox 200 3219 1379 3307; baseline -0.005 -13"><span class='ocrx_word' id='word_1_215' title='bbox 200 3223 308 3307; x_wconf 90' lang='lat' dir='ltr'>illud,</span> <span class='ocrx_word' id='word_1_216' title='bbox 332 3245 396 3290; x_wconf 91' lang='lat' dir='ltr'>nec</span> <span class='ocrx_word' id='word_1_217' title='bbox 419 3224 473 3288; x_wconf 86' lang='lat' dir='ltr'>est</span> <span class='ocrx_word' id='word_1_218' title='bbox 496 3219 636 3290; x_wconf 85' lang='lat' dir='ltr'>anferre</span> <span class='ocrx_word' id='word_1_219' title='bbox 658 3219 701 3285; x_wconf 90' lang='lat' dir='ltr'>ab</span> <span class='ocrx_word' id='word_1_220' title='bbox 725 3240 775 3302; x_wconf 87' lang='lat' dir='ltr'>eo,</span> <span class='ocrx_word' id='word_1_221' title='bbox 797 3244 812 3279; x_wconf 79' lang='lat' dir='ltr'>s</span> <span class='ocrx_word' id='word_1_222' title='bbox 840 3224 945 3306; x_wconf 91' lang='lat' dir='ltr'>prout</span> <span class='ocrx_word' id='word_1_223' title='bbox 967 3240 1088 3307; x_wconf 90' lang='lat' dir='ltr'>nempe</span> <span class='ocrx_word' id='word_1_224' title='bbox 1105 3219 1234 3290; x_wconf 89' lang='lat' dir='ltr'>adiecit</span> <span class='ocrx_word' id='word_1_225' title='bbox 1250 3230 1285 3290; x_wconf 91' lang='lat' dir='ltr'>et</span> <span class='ocrx_word' id='word_1_226' title='bbox 1300 3222 1379 3288; x_wconf 92' lang='lat' dir='ltr'>abs-</span> 
     </span>
     <span class='ocr_line' id='line_1_29' title="bbox 203 3324 1378 3417; baseline -0.005 -15"><span class='ocrx_word' id='word_1_227' title='bbox 203 3333 291 3402; x_wconf 86' lang='lat' dir='ltr'>tulit</span> <span class='ocrx_word' id='word_1_228' title='bbox 321 3328 520 3414; x_wconf 87' lang='lat' dir='ltr'>Nestorius;</span> <span class='ocrx_word' id='word_1_229' title='bbox 557 3334 742 3417; x_wconf 88' lang='lat' dir='ltr'>propterea</span> <span class='ocrx_word' id='word_1_230' title='bbox 765 3324 871 3393; x_wconf 89' lang='lat' dir='ltr'>etiam</span> <span class='ocrx_word' id='word_1_231' title='bbox 901 3326 945 3394; x_wconf 91' lang='lat' dir='ltr'>ad</span> <span class='ocrx_word' id='word_1_232' title='bbox 970 3326 1240 3396; x_wconf 88' lang='lat' dir='ltr'>communionem</span> <span class='ocrx_word' id='word_1_233' title='bbox 1265 3327 1378 3396; x_wconf 53' lang='lat' dir='ltr'>oriens</span> 
     </span>
     <span class='ocr_line' id='line_1_30' title="bbox 205 3432 1379 3525; baseline -0.005 -16"><span class='ocrx_word' id='word_1_234' title='bbox 205 3440 340 3509; x_wconf 87' lang='lat' dir='ltr'>talibus</span> <span class='ocrx_word' id='word_1_235' title='bbox 356 3434 607 3506; x_wconf 90' lang='lat' dir='ltr'>concedendam</span> <span class='ocrx_word' id='word_1_236' title='bbox 623 3454 841 3525; x_wconf 89' lang='lat' dir='ltr'>nequaquam</span> <span class='ocrx_word' id='word_1_237' title='bbox 858 3433 947 3501; x_wconf 89' lang='lat' dir='ltr'>satis</span> <span class='ocrx_word' id='word_1_238' title='bbox 958 3455 1047 3517; x_wconf 87' lang='lat' dir='ltr'>esse,</span> <span class='ocrx_word' id='word_1_239' title='bbox 1063 3432 1093 3500; x_wconf 91' lang='lat' dir='ltr'>si</span> <span class='ocrx_word' id='word_1_240' title='bbox 1110 3433 1167 3503; x_wconf 91' lang='lat' dir='ltr'>illi</span> <span class='ocrx_word' id='word_1_241' title='bbox 1184 3435 1379 3524; x_wconf 86' lang='lat' dir='ltr'>symbolum</span> 
     </span>
     <span class='ocr_line' id='line_1_31' title="bbox 206 3541 1382 3630; baseline -0.007 -13"><span class='ocrx_word' id='word_1_242' title='bbox 206 3547 397 3617; x_wconf 88' lang='lat' dir='ltr'>Nicaenum</span> <span class='ocrx_word' id='word_1_243' title='bbox 421 3543 609 3625; x_wconf 74' lang='lat' dir='ltr'>retineant,</span> <span class='ocrx_word' id='word_1_244' title='bbox 635 3541 694 3609; x_wconf 87' lang='lat' dir='ltr'>sed</span> <span class='ocrx_word' id='word_1_245' title='bbox 718 3541 860 3630; x_wconf 87' lang='lat' dir='ltr'>insuper</span> <span class='ocrx_word' id='word_1_246' title='bbox 884 3561 970 3629; x_wconf 88' lang='lat' dir='ltr'>opus</span> <span class='ocrx_word' id='word_1_247' title='bbox 994 3562 1081 3624; x_wconf 86' lang='lat' dir='ltr'>esse,</span> <span class='ocrx_word' id='word_1_248' title='bbox 1099 3550 1140 3608; x_wconf 89' lang='lat' dir='ltr'>ut</span> <span class='ocrx_word' id='word_1_249' title='bbox 1157 3542 1382 3611; x_wconf 90' lang='lat' dir='ltr'>consentiant</span> 
     </span>
     <span class='ocr_line' id='line_1_32' title="bbox 208 3648 1383 3742; baseline -0.004 -18"><span class='ocrx_word' id='word_1_250' title='bbox 208 3657 313 3724; x_wconf 89' lang='lat' dir='ltr'>etiam</span> <span class='ocrx_word' id='word_1_251' title='bbox 334 3651 468 3742; x_wconf 83' lang='lat' dir='ltr'>&#39;Ephesi</span> <span class='ocrx_word' id='word_1_252' title='bbox 493 3649 661 3718; x_wconf 89' lang='lat' dir='ltr'>delinitis.</span> <span class='ocrx_word' id='word_1_253' title='bbox 688 3648 812 3717; x_wconf 88' lang='lat' dir='ltr'>Omnia</span> <span class='ocrx_word' id='word_1_254' title='bbox 835 3648 949 3738; x_wconf 85' lang='lat' dir='ltr'>igitur</span> <span class='ocrx_word' id='word_1_255' title='bbox 982 3670 1070 3739; x_wconf 90' lang='lat' dir='ltr'>quae</span> <span class='ocrx_word' id='word_1_256' title='bbox 1093 3649 1253 3738; x_wconf 74' lang='lat' dir='ltr'>cyrillus</span> <span class='ocrx_word' id='word_1_257' title='bbox 1277 3648 1383 3719; x_wconf 90' lang='lat' dir='ltr'>habet</span> 
     </span>
     <span class='ocr_line' id='line_1_33' title="bbox 206 3757 1384 3852; baseline -0.003 -20"><span class='ocrx_word' id='word_1_258' title='bbox 206 3762 245 3834; x_wconf 89' lang='lat' dir='ltr'>de</span> <span class='ocrx_word' id='word_1_259' title='bbox 271 3760 432 3852; x_wconf 88' lang='lat' dir='ltr'>symbolo</span> <span class='ocrx_word' id='word_1_260' title='bbox 454 3759 633 3842; x_wconf 90' lang='lat' dir='ltr'>Nicaeno,</span> <span class='ocrx_word' id='word_1_261' title='bbox 658 3762 870 3826; x_wconf 87' lang='lat' dir='ltr'>revocantur</span> <span class='ocrx_word' id='word_1_262' title='bbox 893 3759 936 3825; x_wconf 94' lang='lat' dir='ltr'>ad</span> <span class='ocrx_word' id='word_1_263' title='bbox 960 3757 1158 3846; x_wconf 83' lang='lat' dir='ltr'>apologiam</span> <span class='ocrx_word' id='word_1_264' title='bbox 1182 3767 1304 3827; x_wconf 88' lang='lat' dir='ltr'>contra</span> <span class='ocrx_word' id='word_1_265' title='bbox 1327 3781 1384 3828; x_wconf 89' lang='lat' dir='ltr'>ca·</span> 
     </span>
     <span class='ocr_line' id='line_1_34' title="bbox 201 3865 1384 3959; baseline -0.001 -24"><span class='ocrx_word' id='word_1_266' title='bbox 201 3868 404 3953; x_wconf 85' lang='lat' dir='ltr'>lumniam,</span> <span class='ocrx_word' id='word_1_267' title='bbox 430 3891 499 3959; x_wconf 90' lang='lat' dir='ltr'>qua</span> <span class='ocrx_word' id='word_1_268' title='bbox 530 3868 604 3956; x_wconf 87' lang='lat' dir='ltr'>ipse</span> <span class='ocrx_word' id='word_1_269' title='bbox 634 3866 867 3935; x_wconf 89' lang='lat' dir='ltr'>accusabatur</span> <span class='ocrx_word' id='word_1_270' title='bbox 900 3865 1135 3953; x_wconf 83' lang='lat' dir='ltr'>perversioris</span> <span class='ocrx_word' id='word_1_271' title='bbox 1171 3866 1323 3954; x_wconf 86' lang='lat' dir='ltr'>symboli</span> <span class='ocrx_word' id='word_1_272' title='bbox 1345 3866 1384 3935; x_wconf 89' lang='lat' dir='ltr'>in</span> 
     </span>
     <span class='ocr_line' id='line_1_35' title="bbox 196 3970 1384 4066; baseline -0.001 -22"><span class='ocrx_word' id='word_1_273' title='bbox 196 3999 350 4051; x_wconf 85' lang='lat' dir='ltr'>sensum</span> <span class='ocrx_word' id='word_1_274' title='bbox 372 3970 601 4060; x_wconf 90' lang='lat' dir='ltr'>haereticum,</span> <span class='ocrx_word' id='word_1_275' title='bbox 619 3975 714 4043; x_wconf 88' lang='lat' dir='ltr'>etad</span> <span class='ocrx_word' id='word_1_276' title='bbox 731 3974 988 4041; x_wconf 88' lang='lat' dir='ltr'>accusationem</span> <span class='ocrx_word' id='word_1_277' title='bbox 1011 3973 1168 4043; x_wconf 83' lang='lat' dir='ltr'>Nestorii</span> <span class='ocrx_word' id='word_1_278' title='bbox 1184 3974 1244 4066; x_wconf 90' lang='lat' dir='ltr'>qui</span> <span class='ocrx_word' id='word_1_279' title='bbox 1263 3975 1384 4044; x_wconf 88' lang='lat' dir='ltr'>huius·</span> 
     </span>
     <span class='ocr_line' id='line_1_36' title="bbox 192 4081 1385 4175; baseline -0.006 -17"><span class='ocrx_word' id='word_1_280' title='bbox 192 4086 303 4157; x_wconf 80' lang='lat' dir='ltr'>modi</span> <span class='ocrx_word' id='word_1_281' title='bbox 327 4085 524 4152; x_wconf 89' lang='lat' dir='ltr'>haereticae</span> <span class='ocrx_word' id='word_1_282' title='bbox 547 4081 783 4173; x_wconf 85' lang='lat' dir='ltr'>perversicnis</span> <span class='ocrx_word' id='word_1_283' title='bbox 807 4103 889 4149; x_wconf 86' lang='lat' dir='ltr'>reus</span> <span class='ocrx_word' id='word_1_284' title='bbox 912 4088 999 4166; x_wconf 84' lang='lat' dir='ltr'>erat3</span> <span class='ocrx_word' id='word_1_285' title='bbox 1019 4081 1180 4173; x_wconf 85' lang='lat' dir='ltr'>adquam</span> <span class='ocrx_word' id='word_1_286' title='bbox 1197 4089 1385 4175; x_wconf 89' lang='lat' dir='ltr'>utrumque</span> 
     </span>
     <span class='ocr_line' id='line_1_37' title="bbox 189 4190 1387 4284; baseline 0.001 -26"><span class='ocrx_word' id='word_1_287' title='bbox 189 4212 353 4284; x_wconf 75' lang='lat' dir='ltr'>scopum</span> <span class='ocrx_word' id='word_1_288' title='bbox 379 4193 547 4283; x_wconf 89' lang='lat' dir='ltr'>pendente</span> <span class='ocrx_word' id='word_1_289' title='bbox 570 4192 636 4261; x_wconf 85' lang='lat' dir='ltr'>hac</span> <span class='ocrx_word' id='word_1_290' title='bbox 660 4191 726 4259; x_wconf 87' lang='lat' dir='ltr'>lite</span> <span class='ocrx_word' id='word_1_291' title='bbox 750 4213 826 4259; x_wconf 90' lang='lat' dir='ltr'>cum</span> <span class='ocrx_word' id='word_1_292' title='bbox 857 4190 1087 4259; x_wconf 88' lang='lat' dir='ltr'>orientalibus</span> <span class='ocrx_word' id='word_1_293' title='bbox 1110 4190 1218 4259; x_wconf 91' lang='lat' dir='ltr'>etiam</span> <span class='ocrx_word' id='word_1_294' title='bbox 1242 4191 1387 4281; x_wconf 87' lang='lat' dir='ltr'>scripsit</span> 
     </span>
     <span class='ocr_line' id='line_1_38' title="bbox 188 4297 1386 4389; baseline -0.003 -21"><span class='ocrx_word' id='word_1_295' title='bbox 188 4312 250 4374; x_wconf 74' lang='lat' dir='ltr'>et</span> <span class='ocrx_word' id='word_1_296' title='bbox 273 4303 317 4371; x_wconf 90' lang='lat' dir='ltr'>ad</span> <span class='ocrx_word' id='word_1_297' title='bbox 342 4303 587 4389; x_wconf 87' lang='lat' dir='ltr'>imperatorem</span> <span class='ocrx_word' id='word_1_298' title='bbox 618 4298 850 4367; x_wconf 77' lang='lat' dir='ltr'>Theodosium</span> <span class='ocrx_word' id='word_1_299' title='bbox 873 4297 972 4365; x_wconf 90' lang='lat' dir='ltr'>misit</span> <span class='ocrx_word' id='word_1_300' title='bbox 995 4297 1168 4388; x_wconf 88' lang='lat' dir='ltr'>prolixam</span> <span class='ocrx_word' id='word_1_301' title='bbox 1199 4297 1386 4387; x_wconf 87' lang='lat' dir='ltr'>expositio·</span> 
     </span>
     <span class='ocr_line' id='line_1_39' title="bbox 191 4401 1385 4505; baseline -0.006 -29"><span class='ocrx_word' id='word_1_302' title='bbox 191 4425 291 4479; x_wconf 77' lang='lat' dir='ltr'>nem</span> <span class='ocrx_word' id='word_1_303' title='bbox 314 4407 464 4499; x_wconf 81' lang='lat' dir='ltr'>symboli</span> <span class='ocrx_word' id='word_1_304' title='bbox 486 4405 645 4505; x_wconf 75' lang='lat' dir='ltr'>Nicacni,</span> <span class='ocrx_word' id='word_1_305' title='bbox 672 4426 760 4496; x_wconf 87' lang='lat' dir='ltr'>quae</span> <span class='ocrx_word' id='word_1_306' title='bbox 776 4411 830 4474; x_wconf 85' lang='lat' dir='ltr'>eet</span> <span class='ocrx_word' id='word_1_307' title='bbox 846 4404 939 4474; x_wconf 87' lang='lat' dir='ltr'>inter</span> <span class='ocrx_word' id='word_1_308' title='bbox 960 4403 1129 4495; x_wconf 86' lang='lat' dir='ltr'>epistolas</span> <span class='ocrx_word' id='word_1_309' title='bbox 1152 4405 1224 4494; x_wconf 74' lang='lat' dir='ltr'>&lt;be</span> <span class='ocrx_word' id='word_1_310' title='bbox 1247 4403 1302 4472; x_wconf 89' lang='lat' dir='ltr'>ed.</span> <span class='ocrx_word' id='word_1_311' title='bbox 1319 4401 1385 4484; x_wconf 51' lang='lat' dir='ltr'>Mi,-</span> 
     </span>
    </p>
   </div>
   <div class='ocr_carea' id='block_1_4' title="bbox 0 0 1585 4988">
    <p class='ocr_par' dir='ltr' id='par_1_4' title="bbox 0 0 1585 4988">
     <span class='ocr_line' id='line_1_40' title="bbox 0 0 1585 4988; baseline 0 0"><span class='ocrx_word' id='word_1_312' title='bbox 0 0 1585 4988; x_wconf 95' lang='lat' dir='ltr'> </span> 
     </span>
    </p>
   </div>
  </div>
 </body>
</html>
