3120 4988
704 307 740 320 ..
764 275 802 337 [54
824 308 861 320 -

195 382 320 450 faciem
342 381 442 451 Adae
464 381 729 470 inspirationem
748 381 856 463 vitae,
871 386 907 448 et
923 381 1043 448 factus
1057 387 1111 450 est
1127 382 1228 449 homo
1246 384 1283 451 iu
1300 382 1377 452 ani·

195 512 285 557 mam
317 490 508 558 viventem.
535 490 654 579 Neque
689 489 726 556 id
750 488 841 579 quod
878 488 1053 576 spiratum
1089 496 1143 556 est
1167 511 1187 556 a
1210 491 1374 574 Domino,

194 598 311 663 anima
334 602 388 664 est
412 595 600 663 secundum
626 596 843 662 fabulatores
865 596 1073 664 Iudaeos...
1100 597 1159 663 sed
1184 596 1376 667 vivificans

124 695 129 706 ’
195 705 351 793 Spiritus
374 710 428 770 est
451 703 542 788 (l)...
569 702 690 790 Igitur
714 725 735 768 a
751 702 844 769 Mose
868 703 1058 770 instructi:
1085 704 1240 791 spiravit
1255 705 1376 772 Domi-

193 835 259 878 nus
283 809 469 879 infaciem
498 809 598 876 Adae
631 811 857 898 spirationem
881 811 974 875 citae
987 834 1000 889 ,·
1025 809 1206 877 audientes
1231 833 1317 878 vero
1340 817 1375 880 et

194 919 413 985 Salvatorem
438 917 627 984 dicentem:
655 941 713 1006 090
731 941 803 981 sam
819 919 909 996 uita·
927 924 962 983 et
978 916 1129 985 Paulum
1146 916 1370 986 scribentem:

106 1074 110 1081 -
193 1025 292 1094 misit
315 1025 410 1090 Deus
433 1024 605 1110 Spiritum
630 1023 722 1088 Filii
744 1025 801 1086 sai
836 1022 874 1088 in
908 1021 1012 1088 corda
1040 1029 1183 1110 nostra;
1211 1023 1373 1096 videntes

194 1138 310 1199 autem
334 1130 441 1197 etiam
466 1129 683 1215 unipenitcm
708 1128 950 1215 insufflantem
974 1128 1010 1194 in
1035 1129 1160 1196 faciem
1184 1130 1372 1217 Apostolc:
1409 1151 1412 1156 ·

193 1261 271 1305 rum
294 1244 329 1304 et
353 1235 544 1302 dicentem:
569 1235 717 1322 accipite
742 1233 915 1322 Spiritum
939 1234 1119 1319 Sanctum,
1145 1237 1372 1321 spirationem

194 1346 286 1412 Filii
310 1347 348 1409 iu
367 1345 517 1430 propria
540 1344 615 1408 vita
639 1357 671 1407 et
695 1343 894 1407 substantia
918 1356 1075 1408 manente
1093 1345 1212 1430 (forte:
1232 1365 1371 1411 manen·

193 1456 278 1535 tem)
302 1454 474 1540 Spiritum
499 1438 565 1515 eise
589 1447 808 1517 doceamur...
835 1451 1027 1536 Propterea
1043 1472 1217 1518 veronen
1242 1458 1298 1519 est
1314 1474 1371 1541 ge-

194 1559 292 1626 nitus
317 1560 360 1625 ab
383 1581 423 1625 eo
447 1557 614 1644 Spiritus,
642 1558 725 1647 quia
749 1580 816 1624 non
840 1563 896 1624 est
919 1556 1073 1624 Verbum
1098 1558 1187 1643 eius3
1214 1566 1371 1625 creatum

194 1690 278 1735 vero
302 1666 417 1734 dicere
441 1665 625 1753 Spiritum,
645 1666 760 1732 absiti
783 1666 1027 1733 Verumtamen
1040 1667 1267 1753 spirationem
1281 1666 1373 1733 Filii

193 1798 272 1842 eum
296 1799 338 1842 ex
363 1773 474 1841 sacris
499 1772 695 1862 Scripturis
721 1775 816 1840 docti
841 1797 972 1860 sumus,
1001 1781 1037 1841 et
1055 1773 1192 1861 fontem
1215 1775 1372 1861 Spiritus

196 1899 227 1949 ec
251 1884 385 1952 Filiam
408 1882 475 1948 Dei
499 1881 674 1947 dicimusn
702 1882 928 1951 Athenio.
951 1883 1131 1969 «impium
1148 1887 1203 1948 est
1215 1891 1373 1948 creatum

196 1999 260 2059 aut
282 1992 416 2058 factam
447 1990 563 2057 dicere
588 1988 762 2077 Spiritum
786 1990 893 2056 Dei...
919 1988 967 2056 Et
991 1997 1175 2078 propterea
1205 1989 1388 2076 imarcfflat.

194 2122 268 2165 eum
292 2100 329 2162 im
348 2097 481 2184 faciem
503 2097 748 2183 Apostolorum
771 2098 918 2187 (ἑμφυσᾷ
945 2097 1029 2163 dua-o
1048 2098 1091 2172 εἰς
1110 2121 1150 2162 το
1177 2102 1372 2186 προσωπον)

194 2205 336 2272 dicens:
363 2203 512 2290 accipite
536 2201 707 2290 Spiritum
726 2202 905 2286 Sanctum,
926 2210 966 2270 ut
990 2203 1178 2285 discamus,
1200 2202 1373 2290 Spiritum

196 2313 258 2402 qui
284 2310 470 2397 discipulis
495 2311 611 2391 detur,
630 2333 672 2375 esa
687 2309 906 2396 plenitudine
930 2310 1133 2376 divinitatis
1157 2333 1225 2375 esse
1246 2313 1318 2396 (ὁτι
1338 2312 1372 2376 ἐκ

193 2443 254 2484 του
280 2421 506 2507 alaparum-c<
531 2443 592 2493 της
626 2415 787 2493 decanto:
815 2419 922 2503 iam),
950 2420 988 2480 c‘m
1012 2417 1151 2487 Obrisio
1178 2419 1267 2483 caim
1282 2466 1292 2499 ‚
1319 2421 1373 2497 cit

192 2525 394 2612 Apostolus,
413 2523 590 2588 inhabitat
615 2525 723 2587 omnis
744 2522 925 2610 plenitudo
951 2522 1153 2589 divinitatis
1179 2526 1369 2612 corporali-

195 2645 302 2699 ter....
328 2631 382 2698 Ea
406 2632 447 2699 de
471 2652 577 2698 causa
601 2630 717 2697 David
741 2632 888 2698 canebat
911 2633 1006 2699 Deo:
1033 2632 1195 2722 quoniam
1220 2633 1313 2720 apud
1337 2640 1372 2701 te

192 2746 247 2806 est
270 2741 349 2806 fons
374 2740 489 2822 vitae,
517 2740 552 2805 in
577 2739 708 2806 lumine
744 2748 805 2806 tuo
839 2740 1034 2806 videbimus
1057 2741 1187 2809 lumen.
1214 2741 1373 2809 Noverat

192 2847 284 2913 euim
309 2845 403 2934 apud
420 2847 528 2912 Deum
545 2847 684 2912 Patrem
701 2847 834 2913 Filium
852 2849 1061 2936 essefcmtcm
1077 2851 1232 2936 Spiritus
1247 2850 1372 2918 Sancti

192 2941 276 3037 (cibe
301 2975 366 3043 γαρ
392 2975 486 3042 παρα
512 2977 558 3034 τῳ
583 2950 643 3034 θεῳ
670 2975 774 3042 casp:
798 2953 883 3019 ὄντα
909 2977 967 3017 τον
995 2957 1063 3016 dior
1090 2976 1151 3027 την
1178 2977 1292 3046 marsna
1311 2978 1372 3020 του

195 3061 291 3150 apaan
326 3063 544 3148 πνευματος).
572 3057 668 3124 Idem
704 3058 745 3124 de
780 3058 921 3124 Inoarn.
960 3067 1082 3126 contra
1114 3058 1252 3124 Arian:
1274 3083 1310 3127 n.
1335 3059 1369 3126 9.

193 3165 239 3232 cf.
257 3165 479 3231 Ambrosium
503 3166 544 3231 de
569 3166 630 3252 Sp.
648 3165 683 3231 S.
703 3165 728 3232 l.
746 3165 778 3233 I.
796 3188 830 3231 n.
852 3163 928 3230 152.
950 3165 1097 3232 citatum
1114 3165 1291 3253 superius.

205 3351 207 3355 ¹
258 3273 413 3361 Egregie
425 3272 585 3362 Cyrillus
600 3273 815 3340 demonstrat
829 3273 1237 3340 consubstantialitatem
1251 3273 1372 3341 Patris

191 3388 227 3450 et
249 3379 351 3464 Filii,
371 3381 453 3471 quia
477 3381 571 3447 sicut
594 3380 700 3447 Pater
725 3381 776 3448 ita
792 3380 910 3448 Filius
928 3379 1042 3447 mittit
1059 3402 1098 3446 ac
1118 3381 1178 3446 dat
1195 3379 1370 3467 Spiritum

194 3486 381 3572 Sanctum:
409 3489 570 3576 quoniam
604 3511 685 3554 vero
710 3488 772 3554 dat
796 3487 967 3575 Spiritum
992 3493 1031 3554 ut
1055 3511 1152 3551 suam
1172 3491 1369 3574 propriam,

192 3594 271 3662 ideo
295 3597 331 3661 in
357 3595 520 3662 missione
538 3593 613 3682 ipss
631 3594 778 3682 supponi
794 3595 1045 3682 processionem
1065 3593 1221 3682 Spiritus
1237 3618 1280 3661 cc:
1296 3597 1371 3662 aab·

192 3703 327 3767 stantia
351 3703 474 3770 Patris
498 3715 530 3766 et
553 3702 659 3768 Filii.
687 3700 785 3768 Unde
811 3701 977 3782 ostendit,
996 3703 1031 3767 iu
1046 3701 1111 3767 illa
1134 3700 1370 3768 insufflatione

190 3804 325 3873 Christi
349 3805 436 3872 Filii
461 3807 526 3892 (lo.
548 3806 655 3891 XX),
682 3827 751 3895 qua
775 3807 972 3872 immediate
997 3806 1225 3893 significatur
1250 3807 1368 3874 missio

191 3922 226 3979 et
250 3912 393 3980 donatio
419 3911 574 4001 Spiritus
595 3911 727 3995 Sancti,
748 3913 853 3978 simul
877 3913 1031 3980 indicari
1055 3913 1208 3978 eiusdem
1233 3936 1368 4000 proces·

190 4020 322 4089 sionem
346 4043 389 4086 ex
415 4020 615 4086 substantia
638 4020 738 4087 Filii.
768 4019 956 4106 «Spiritus
979 4029 1032 4086 est
1048 4019 1149 4105 Filii;
1169 4020 1261 4087 unde
1279 4020 1366 4088 veri·

110 4143 112 4148 “
192 4127 280 4195 tetis
305 4124 476 4214 Spiritum
502 4127 604 4193 illum
628 4128 849 4210 nominavit,
877 4150 956 4194 cum
992 4127 1142 4214 seipsum
1169 4126 1207 4191 in
1232 4135 1418 4194 antece-

190 4233 355 4302 dentibus
382 4232 566 4299 veritatem
590 4256 664 4300 esse
689 4233 879 4300 dixisset...
907 4233 1083 4334 Qupmodo
1116 4254 1198 4299 vero
1224 4232 1256 4299 si
1281 4233 1418 4300 alte—

267 4372 312 4450 (1)
329 4376 442 4430 confer.
459 4392 482 4430 s.
498 4378 588 4429 Basil.
604 4381 679 4430 cont.
695 4378 811 4431 Eunom.
826 4379 860 4430 V.
875 4394 903 4443 p.
917 4377 980 4429 307.
