3120 4988
696 312 733 345 -.-
753 279 794 343 82
815 311 852 326 -

193 389 337 472 buntur,
356 391 393 456 et
416 377 510 457 sicut
532 388 710 481 proprium
733 393 788 456 est
818 387 916 456 Patri
941 386 1153 477 inpunitam,
1175 383 1363 483 propriam

193 494 279 565 Filii
303 517 376 562 esse
392 497 559 584 penitam,
578 495 630 564 ita
648 494 781 563 dicitur
798 517 871 563 esse
895 493 1074 585 proprium
1099 491 1258 582 Spiritus
1274 490 1363 559 San-

194 590 242 673 cti
265 602 442 693 procedere
466 629 487 670 a
511 604 619 672 Patre
640 618 673 670 et
695 604 805 685 Filio,
827 602 911 669 adeo
936 610 975 669 ut
998 601 1064 668 illa
1086 600 1203 668 eadem
1227 621 1362 691 proces·

132 709 134 714 ’
193 712 244 779 sio
268 712 409 779 aPatre
434 732 520 802 quae
536 717 590 779 est
613 712 804 780 nationalis
828 710 1025 800 proprietas
1043 707 1198 796 Spiritus
1223 706 1358 790 Sancti,

193 820 242 888 sit
266 820 437 908 processio
461 843 481 887 a
505 821 610 888 Patre
640 819 745 887 simul
769 826 805 887 et
825 818 934 886 Filio.
964 816 1059 885 Haec
1082 807 1200 884 autern
1220 837 1362 905 proces-

193 930 243 998 sio
268 929 485 1018 constituens
509 933 545 996 et
568 927 790 1017 distinguens
814 949 995 1016 personam
1030 924 1171 994 tertiam
1203 925 1361 1014 proiecto

192 1043 247 1106 est
269 1038 460 1105 immanens
484 1042 520 1104 et
543 1043 695 1104 aeterna.
718 1063 733 1099 u
758 1034 825 1105 Est
847 1057 930 1124 ergo
954 1035 1129 1121 inponitur
1153 1033 1281 1118 Pater,
1306 1056 1361 1123 po·

191 1147 287 1210 nitur
310 1143 438 1226 Filius,
457 1166 524 1210 non
549 1144 691 1230 genitus
715 1140 918 1212 Paracletus
942 1142 1001 1210 sed
1025 1166 1048 1207 c
1070 1142 1178 1209 Patre
1200 1141 1363 1234 Filioque

187 1249 372 1344 procedens
390 1276 406 1311 n
425 1249 541 1338 (Cone.
558 1250 670 1318 Talet.
686 1249 765 1337 IL).
784 1253 970 1319 Praeterea
987 1250 1024 1321 iu
1036 1249 1137 1318 Cone.
1155 1248 1271 1319 Tolet.
1291 1248 1360 1337 ΙΙΙ.

192 1359 374 1449 professio,
390 1360 454 1449 qui
468 1382 490 1423 a
506 1357 614 1424 Patre
626 1357 789 1448 Filioque
797 1356 963 1446 procedit,
977 1358 1177 1426 insertaest
1191 1359 1231 1425 in
1246 1357 1362 1448 ipsum
1391 1388 1401 1403 *-

193 1466 388 1557 symbolum
412 1464 849 1559 constantinopolitanum.
866 1466 979 1558 Atqui
1004 1466 1170 1535 Photiani
1194 1488 1312 1536 omnes
1327 1471 1363 1534 et

191 1573 369 1645 Macarius
392 1574 650 1678 ipsexfatentur
671 1579 710 1641 et
733 1574 962 1658 contendunt,
987 1575 1025 1640 in
1049 1574 1113 1642 hoc
1136 1573 1297 1664 symbolo
1323 1573 1361 1643 fi·

194 1682 267 1759 dem
293 1681 440 1771 exprimi
475 1682 609 1750 nonde
641 1682 825 1776 temporali
861 1682 1045 1752 dumtaxat
1068 1682 1126 1751 sed
1152 1681 1194 1753 ds
1217 1689 1362 1750 aeterna

192 1789 420 1879 processione.
449 1787 539 1857 Vide
562 1789 887 1882 stiamesymbclum
918 1788 1066 1857 Concilii
1101 1787 1264 1857 Toletani
1294 1788 1360 1857 XI.
1396 1865 1399 1871 .

192 1921 282 1965 anno
306 1899 383 1965 675.
404 1889 538 1966 duobus
563 1896 713 1966 saeculis
738 1897 889 1989 integris
912 1904 994 1966 ante
1011 1897 1219 1969 Photianam
1242 1895 1361 1973 haere·

192 1995 257 2076 sim
283 2005 460 2078 celebrati.

259 2121 289 2205 c)
313 2116 486 2185 Ultimum
503 2115 682 2204 refugium
698 2115 846 2185 Macarii
861 2118 1028 2196 remanet,
1047 2112 1206 2184 Concilia
1234 2112 1361 2201 Hispa·

194 2226 272 2294 niae
296 2224 334 2291 in
356 2245 506 2290 errorem
530 2223 706 2311 incidisss3
741 2252 757 2288 n
786 2247 848 2292 nec
872 2223 1002 2314 exigua
1024 2222 1095 2290 ista
1117 2221 1277 2290 Concilio
1300 2221 1365 2291 Hi·

126 2406 131 2414 ,
192 2332 345 2431 spaniae,
364 2329 493 2420 inquit,
512 2330 623 2397 ullius
647 2337 730 2398 sunt
753 2331 913 2420 ponderis
937 2342 1059 2400 contra
1089 2330 1284 2399 doctrinam
1311 2337 1363 2399 to·

190 2439 266 2509 tius
288 2439 479 2508 Ecclesiae.
500 2465 516 2500 n
534 2439 647 2529 Atqui
676 2440 845 2528 professio
869 2440 941 2507 ista
975 2439 1210 2507 Conciliorum
1235 2439 1365 2529 Hispa·

191 2549 270 2616 niae
295 2570 364 2645 non
387 2546 484 2614 aliud
501 2553 555 2644 est
578 2569 680 2639 quam
698 2549 848 2636 repetita
871 2549 1047 2637 expressio
1063 2547 1144 2614 fidei
1167 2547 1281 2615 totius
1297 2545 1364 2616 Ec·

193 2655 330 2739 clesiae,
360 2655 460 2725 utin
498 2654 671 2722 Thesibus
695 2655 808 2722 nostri
845 2655 1035 2724 Tractatus
1055 2656 1193 2724 abunde
1225 2654 1363 2724 demon·

192 2762 397 2845 stravimus,
428 2762 597 2831 adversus
623 2784 724 2854 quarn
757 2763 988 2833 contradictio
1012 2786 1032 2832 a
1055 2764 1180 2831 Photio
1206 2786 1269 2852 per
1292 2787 1362 2832 am·

192 2876 357 2945 bitionem
382 2873 634 2956 invecta,.inds
657 2874 699 2938 ab
716 2872 770 2940 XI
795 2874 933 2943 saeculo
956 2876 1139 2943 insertam
1163 2873 1360 2960 obfirmata,

191 3007 251 3074 per
275 2980 541 3053 invalescentem
567 2980 760 3048 barbariem
783 2987 820 3050 et
843 2983 1007 3050 immanes
1037 2981 1296 3070 persecutiones
1319 3005 1362 3053 ex

193 3112 263 3161 una
287 3097 396 3178 parte,
416 3111 476 3176 per
499 3088 736 3177 ignorantiam
760 3112 877 3179 parem
901 3089 1101 3178 superbiae,
1129 3097 1167 3157 et
1190 3089 1361 3168 abiectam

193 3181 400 3268 servitutem
425 3194 518 3263 Cleri
542 3218 583 3263 ex
619 3203 719 3284 parte
751 3197 865 3265 altera
888 3219 997 3287 usque
1029 3195 1072 3263 ad
1096 3195 1184 3264 hanc
1206 3202 1362 3272 ,aemtem

193 3304 349 3375 enutrita
371 3327 411 3373 ac
436 3309 635 3371 sustentata
658 3326 727 3373 non
751 3303 862 3374 solum
879 3304 1015 3372 nullius
1036 3308 1090 3371 est
1111 3303 1279 3393 ponderis
1302 3304 1361 3374 sed

191 3394 347 3483 liceresi's
372 3410 672 3480 manifestissima.

259 3522 293 3589 2⁰
316 3523 367 3592 De
391 3520 545 3587 Concilio
569 3521 850 3612 Aquisgranensi
872 3544 964 3591 nova
979 3523 1145 3612 figmenta
1168 3523 1206 3592 in
1222 3547 1360 3595 scenam

192 3629 331 3701 inducit
347 3628 552 3696 Photianus.
570 3627 852 3712 Demonstratur,
872 3629 999 3721 inquit,
1019 3654 1061 3699 ex
1078 3631 1229 3701 historia
1253 3632 1360 3702 huius

191 3737 351 3820 Consilii,
369 3736 619 3826 processionem
644 3736 801 3825 Spiritus
826 3736 991 3807 Sanctia
1021 3738 1115 3807 Filio
1140 3739 1176 3806 in
1199 3740 1360 3819 Ecclesia

191 3844 398 3913 occidentali
423 3855 505 3913 ante
528 3845 706 3913 saeculum
730 3844 794 3915 IX.
814 3868 882 3912 non
907 3847 1016 3916 fuisse
1039 3848 1210 3938 agnitam,
1238 3849 1361 3921 istam·

192 3974 257 4042 que
281 3953 473 4020 doctrinam
498 3953 608 4021 luisse
633 3951 787 4021 habitam
812 3953 912 4020 velut
935 3956 1209 4025 innovationem.

258 4060 473 4152 c)'Namque
497 4063 538 4129 ob
562 4052 1055 4150 quaestionem'excitatama
1084 4064 1250 4133 monacho
1279 4067 1362 4136 Hie-

190 4168 443 4257 rosolymitano
467 4194 535 4239 non
560 4194 646 4266 opus
669 4177 746 4239 erat
770 4170 947 4256 Concilio,
975 4174 1006 4241 si
1029 4173 1066 4242 in
1088 4173 1250 4243 Ecclesia
1275 4175 1362 4244 occi-

113 4304 118 4313 *
192 4276 325 4345 dentali
351 4279 419 4344 iam
443 4280 661 4348 constitisset
685 4279 726 4346 de
749 4280 964 4367 processione
987 4305 1028 4348 ex
1063 4283 1169 4350 Patre
1191 4287 1228 4350 et
1250 4282 1359 4367 Filio.

259 4385 292 4470 t)
314 4385 368 4454 Ex
391 4386 573 4458 historicis
596 4373 696 4456 illius
712 4386 876 4475 temporis
902 4389 1109 4481 colligitur,
1137 4392 1361 4487 Aquisgrani
