3158 4980
710 365 748 377 -
769 330 828 393 229
849 364 887 376 -

202 442 261 508 ita
289 441 406 509 hebet.
442 439 583 509 «Cuius
611 438 699 508 dicti
729 438 889 525 (inventa
919 436 1034 504 estin
1057 443 1158 505 utero
1182 438 1315 508 habens
1339 441 1380 509 de

208 548 354 639 Spiritu
379 549 521 638 Sancto)
552 550 725 618 rationem
749 545 955 615 Ambrosius
985 546 1169 615 insinuans
1193 549 1264 617 ait:
1292 551 1382 642 quod

206 680 252 726 ex
280 658 399 750 aliquo
422 665 489 742 est,
515 663 579 724 aut
601 679 644 724 ex
669 655 870 723 substantia
894 659 957 720 aut
971 676 1013 720 ex
1029 660 1202 740 potestate
1224 657 1301 724 eius
1315 665 1380 747 est,

205 792 253 837 ex
279 770 490 855 substantia,
518 767 612 837 sicut
634 767 763 851 Filius,
791 768 851 859 qui
875 789 895 832 a
918 767 1034 850 Patre,
1060 773 1096 834 et
1120 768 1276 857 Spiritus
1301 771 1385 840 San·

207 885 305 962 ctus,
332 879 393 971 qui
417 901 438 946 a
461 877 566 946 Patre
588 877 751 966 Filioque
774 875 953 964 procedit3
987 896 1028 942 ex
1058 881 1230 963 potestate
1253 887 1383 967 autem,

212 986 313 1056 sicut
331 1009 377 1061 cx
400 985 472 1056 Deo
496 987 621 1055 omnia.
641 986 724 1052 Cum
749 1006 832 1072 ergo
856 983 893 1050 in
910 989 1009 1069 utero
1026 983 1189 1052 habuerit
1212 984 1327 1054 Maria
1343 989 1383 1056 de

209 1093 354 1183 Spiritu
382 1094 510 1163 Sancto
514 1145 613 1164 .......
631 1093 731 1184 quasi
755 1115 797 1159 ex
830 1091 1028 1178 operatione
1050 1098 1087 1161 et
1112 1098 1284 1181 potestate
1308 1097 1385 1166 eius

207 1202 328 1291 Virgo
353 1203 539 1292 concepit»
565 1201 749 1270 Lombard.
770 1199 866 1268 Sent.
886 1199 911 1267 1.
932 1199 965 1267 3.
982 1201 1065 1269 dist.
1080 1201 1114 1269 4.

282 1311 315 1398 6)
341 1311 390 1378 Ut
406 1310 650 1399 intelligamus
666 1309 797 1377 crimen
814 1307 1097 1396 interpolationis
1113 1310 1150 1376 in
1174 1310 1387 1382 testimoniis

209 1417 429 1504 Athanasii,
463 1442 493 1485 s.
519 1416 671 1487 doctoris
708 1421 908 1486 contextum
933 1438 973 1484 ac
996 1417 1132 1485 modum
1167 1418 1332 1510 loquendi
1356 1419 1389 1488 ei

211 1527 401 1596 solemnem
435 1549 518 1615 prae
553 1526 665 1594 oculis
700 1525 888 1593 habeamus
913 1547 1052 1592 necesse
1075 1517 1388 1597 est.'Athanasius

210 1634 338 1701 multis
362 1633 400 1700 in
425 1620 510 1702 locis
526 1631 734 1701 relationem
750 1631 837 1699 Filii
861 1633 905 1699 ad
921 1634 1072 1718 Patrem,
1092 1633 1248 1720 Spiritus
1265 1634 1387 1703 Sancti

213 1740 259 1807 ad
282 1739 424 1807 Patrem
448 1746 483 1807 et
498 1739 631 1808 Filium
654 1739 868 1827 imaginibus
891 1738 1055 1826 explicat,
1082 1761 1227 1828 quarum
1252 1742 1389 1833 aliquas

215 1847 468 1936 descripsimus
492 1869 533 1915 ex
558 1871 609 1935 ep.
626 1847 657 1916 Ι.
676 1847 719 1914 ad
743 1846 964 1934 Serapionem
980 1847 1019 1914 in
1035 1849 1207 1916 Tractatu
1224 1850 1265 1917 de
1284 1849 1385 1918 Trin.

217 1953 270 2023 ed.
285 1954 320 2022 2.
335 1978 370 2042 p.
384 1954 464 2023 468.
491 1955 570 2023 Una
604 1954 729 2022 harum
763 1956 955 2042 imaginum
991 1979 1033 2023 ex
1067 1956 1156 2045 ipsis
1192 1955 1388 2044 Scripturis

217 2059 381 2130 derivata
402 2069 456 2131 est
478 2062 555 2143 illa,
575 2084 643 2153 qua
667 2063 772 2130 Pater
788 2062 921 2130 dicitur
936 2063 996 2130 lux
1015 2066 1122 2153 (φως),
1137 2062 1253 2131 Filius
1277 2063 1390 2150 splen-

194 2167 278 2240 .dor
302 2168 562 2264 (ἀπαυγασμα),
583 2169 738 2260 Spiritus
762 2170 976 2238 illuminatio
1000 2175 1210 2262 (φωτισμος);
1234 2171 1292 2240 vel
1316 2171 1386 2239 alio

221 2277 316 2346 nodo
340 2278 447 2347 Pater
471 2279 603 2347 dicitur
627 2278 702 2362 sol,
736 2277 852 2346 Filius
887 2277 1048 2365 splendor
1073 2301 1093 2345 a
1117 2278 1203 2363 sole,
1230 2278 1385 2367 Spiritus

221 2379 370 2454 Sanctus
392 2385 457 2454 lux
480 2408 542 2455 seu
565 2385 779 2454 illuminatio
803 2408 824 2451 a
847 2385 919 2453 sole
942 2385 978 2452 in
1003 2409 1066 2455 suo
1090 2387 1283 2475 splendore,
1303 2389 1339 2456 h.
1354 2413 1384 2458 e.

217 2496 373 2562 aPatre
396 2502 431 2562 et
453 2493 548 2562 Filio
572 2499 614 2563 ut
647 2516 755 2562 unum
791 2501 885 2561 sunt.
913 2493 1010 2575 Quae
1045 2495 1256 2584 comparatio
1280 2499 1388 2566 etiam

213 2600 299 2670 aliis
324 2599 527 2670 doctoribus
551 2600 740 2669 familiaris
764 2607 828 2683 est,
856 2607 897 2668 ut
921 2600 1157 2690 Tertulliano,
1175 2597 1386 2690 Epiphanio,

209 2705 392 2798 Gregorio
414 2696 575 2798 Nysseno
599 2730 685 2800 quos
702 2707 890 2778 citavimus
908 2708 1049 2794 (ibidem
1073 2734 1106 2797 p.
1122 2709 1199 2778 494.
1217 2710 1294 2780 518.
1307 2713 1386 2786 541.

205 2824 247 2887 et
273 2838 384 2904 supra
406 2817 444 2885 in
467 2817 533 2885 hac
557 2816 744 2905 appendice
760 2840 794 2905 p.
810 2815 865 2883 95.
883 2814 939 2883 96.
957 2819 1066 2903 nota),
1092 2816 1285 2886 Anastasio
1316 2823 1389 2886 An·

199 2924 381 2996 tiocheno
404 2930 526 3014 (supra
548 2949 582 3012 p.
598 2924 653 2992 66.
671 2924 742 3009 66.)
778 2923 942 3015 aliisque.
978 2925 1111 2992 «Enim
1144 2950 1226 2995 vero
1257 2929 1388 3020 (inquit

198 3034 441 3104 Athanasius
464 3032 610 3125 loquens
633 3034 674 3102 de
697 3034 803 3101 Patre
827 3039 863 3100 et
884 3033 993 3120 Filio)
1018 3033 1094 3121 ipse⁴
1115 3058 1248 3126 quoque
1273 3037 1387 3124 splen·

197 3143 281 3216 dor
305 3141 370 3209 lux
393 3146 459 3226 est,
484 3164 546 3210 nec
570 3141 633 3209 lux
657 3140 810 3209 secunda
833 3147 896 3208 aut
917 3140 991 3208 alia
1015 3164 1117 3233 quam
1142 3143 1205 3227 sol,
1224 3167 1286 3213 nec
1309 3146 1388 3214 eius

201 3249 447 3344 participatio
470 3249 666 3333 dumtaxat,
694 3248 753 3317 sed
777 3253 873 3316 totus
889 3249 1051 3338 proprius
1068 3252 1143 3319 eius
1163 3252 1290 3322 foetus.
1316 3253 1390 3322 Hu-

206 3357 372 3429 iusmodi
407 3363 524 3427 autem
560 3357 677 3427 foetus
711 3357 906 3431 necessario
941 3356 1003 3425 lux
1028 3379 1098 3425 una
1122 3364 1199 3444 est,
1233 3383 1295 3429 nec
1319 3362 1390 3429 dici

210 3473 337 3562 potest
359 3468 447 3538 duas
470 3469 553 3538 illas
577 3491 650 3538 esse
673 3467 782 3556 luces,
809 3466 869 3536 sed
894 3467 961 3536 duo
985 3467 1123 3559 quidem
1138 3490 1211 3536 esse
1235 3469 1339 3536 solem
1354 3476 1392 3538 et

216 3576 458 3667 splendorem,
484 3599 588 3646 unam
612 3600 695 3647 vero
719 3600 762 3646 ex
786 3575 857 3659 sole
891 3576 1003 3645 lucem
1032 3576 1069 3643 in
1101 3575 1283 3664 splendore
1307 3576 1390 3644 illu·

218 3686 360 3773 minans
390 3685 587 3769 universae
603 3685 653 3774 (1)
686 3692 776 3754 orat.
792 3682 863 3753 III.
883 3690 994 3752 contr.
1009 3683 1135 3752 Arion.
1153 3705 1189 3750 n.
1206 3683 1240 3754 4.
1263 3684 1304 3751 Iu
1333 3683 1390 3753 his

221 3788 396 3881 Spiritum
420 3793 589 3863 Sanctum
621 3793 792 3883 implicite
821 3797 966 3865 tanturn,
990 3790 1262 3880 comprehendit,
1290 3816 1390 3883 quem

221 3897 345 3967 deinde
368 3899 519 3970 inferius
535 3898 701 3991 explicite
718 3899 876 3969 declarat
891 3905 932 3968 ut
947 3899 1241 3967 illuminationem
1257 3922 1299 3967 ex
1317 3901 1389 3969 sole

290 4096 333 4174 (1)
352 4104 403 4155 Kar
423 4123 476 4174 γαρ
496 4123 538 4155 και
559 4123 588 4154 ro
608 4098 783 4172 ρῖπαυγασμα
802 4113 852 4172 φως
872 4098 952 4164 ἔστιν,
972 4098 999 4152 do
1020 4104 1136 4170 δευτερον
1157 4119 1201 4152 του
1222 4099 1308 4164 dhreo,
1328 4099 1389 4154 ου’δε

862 4187 869 4206 ‚

226 4191 311 4264 ἕτερον
332 4204 390 4262 φως,
413 4191 471 4245 dode
491 4213 561 4244 κατα
579 4213 723 4264 percurras
743 4192 833 4255 cicccc,
852 4214 869 4243 α
905 4187 945 4243 ’ὁ
1016 4189 1023 4208 ’

224 4282 573 4354 δετοιουτονγεννημαὲξ
592 4282 712 4354 drapum
733 4284 758 4336 ἑν
781 4279 837 4336 ἔστι
878 4297 977 4335 ω·και
999 4279 1045 4336 οὐκ
1065 4302 1096 4333 αν
1117 4302 1140 4333 τι
1176 4302 1242 4335 ειποι
1274 4303 1302 4334 uo
1340 4303 1392 4335 ωτα

227 4371 291 4426 εἰναι
312 4393 405 4441 ταυτα,
425 4370 500 4426 ἄλλα
519 4378 561 4427 δυο
588 4396 634 4444 μεν
661 4371 737 4434 ἥλιον
763 4394 805 4426 και
832 4368 891 4426 ἀπα
929 4393 946 4424 α
989 4392 1043 4438 u,s
1102 4391 1113 4422 s
1139 4391 1168 4424 ro
1196 4394 1206 4424 ε
1280 4392 1304 4423 ιο
1362 4392 1379 4424 ω

207 4457 251 4537 ¹iu
271 4484 304 4532 τῳ
323 4462 524 4536 ἀπαυγασματι
545 4462 655 4537 φωτιζον
676 4486 710 4517 ra
730 4484 877 4536 πανταχου.
