3120 4988
697 351 735 364 ..
756 319 795 380 42
816 351 854 364 ..

192 423 400 492 Ambrosius
423 423 509 494 haec
533 424 728 513 subiungit.
752 425 876 506 «Quia
901 428 965 509 est,
985 425 1045 516 qui
1070 423 1170 493 dicit:
1190 422 1289 490 misit
1309 442 1363 489 me

193 530 361 600 Dominus
386 532 479 599 Deus
503 536 541 600 et
563 531 718 621 Spiritus
742 533 830 619 eius,
849 531 919 600 nisi
944 534 1004 623 qui
1020 532 1120 601 venit
1144 555 1164 598 a
1186 531 1303 613 Patre,
1321 537 1365 596 ut

192 637 312 707 salvos
337 639 470 706 feceret
492 639 718 727 peccatores?
743 639 865 723 Quem,
884 646 925 706 ut
941 640 1056 723 audis,
1076 643 1112 706 et
1127 636 1286 727 Spiritus
1302 634 1364 701 mi-

191 743 251 827 sit,
266 767 309 812 ne
327 766 404 812 cum
418 745 521 834 legis,
540 747 623 837 quia
638 745 754 813 Filius
772 745 944 834 Spiritum
962 747 1070 830 misit,
1090 744 1272 813 inferioris
1288 765 1365 812 esse

192 850 366 940 Spiritum
392 854 549 923 crederes
573 853 771 941 potestatis.
799 853 894 942 Ergo
919 861 954 922 et
977 853 1083 921 Pater
1105 852 1239 920 Filium
1264 849 1366 917 misit

193 966 228 1026 et
253 957 418 1047 Spiritus
435 959 548 1045 (modo
573 984 640 1052 quo
660 961 821 1050 superius
844 961 1011 1047 dixerat);
1031 959 1203 1049 Spiritum
1228 977 1366 1048 quoquo

193 1072 229 1135 et
251 1066 356 1135 Pater
380 1067 479 1136 misit
501 1076 537 1137 et
558 1068 675 1136 Filius
698 1069 797 1159 (quia
820 1093 862 1136 ex
885 1076 989 1138 antea
1006 1069 1111 1138 dictis
1134 1067 1293 1156 Spiritus
1308 1071 1366 1134 est

193 1175 313 1242 Patris
336 1180 372 1242 et
394 1175 495 1258 Filii,
513 1197 535 1242 a
558 1178 664 1244 Patre
688 1176 875 1264 procedens
899 1190 935 1245 et
957 1199 979 1244 a
1001 1176 1095 1244 Filio
1127 1176 1363 1264 accipiens)...

194 1280 233 1348 Si
257 1305 340 1370 ergo
364 1304 400 1350 se
435 1282 585 1350 invicem
608 1282 727 1351 Filius
757 1291 792 1352 et
816 1283 973 1373 Spiritus
1008 1284 1156 1351 mittunt
1180 1283 1279 1371 (licet
1306 1304 1365 1349 ra·

192 1389 287 1458 tione
311 1389 479 1476 diversa),
498 1388 592 1458 sicut
614 1391 720 1458 Pater
744 1390 868 1474 mittit,
887 1414 955 1458 non
979 1390 1206 1460 subiectionis
1229 1390 1367 1459 iniuria

194 1497 253 1565 sed
288 1497 522 1566 cummunitas
557 1497 744 1586 potestatis
779 1503 835 1566 est
866 1523 882 1562 n
917 1499 1079 1567 Ambros.
1117 1499 1159 1567 de
1191 1497 1285 1586 Spir.
1324 1497 1363 1565 S.

193 1607 306 1675 1.111.
327 1631 356 1676 c.
376 1606 410 1677 1.
1064 1623 1065 1629 ’

259 1713 384 1782 Altero
408 1714 484 1782 loco
507 1714 685 1782 Macarius
709 1715 845 1803 profert
868 1715 1076 1784 sententiam
1093 1737 1136 1783 ex
1159 1714 1185 1782 l.
1205 1714 1246 1782 de
1269 1737 1365 1802 sym·

192 1821 269 1890 bolo
293 1845 322 1891 c.
343 1821 397 1890 10.
424 1822 510 1889 ram
534 1821 593 1890 hic
627 1847 662 1912 p.
689 1820 768 1892 334.
799 1846 901 1914 quam
925 1823 1075 1891 inferius
1098 1847 1133 1912 p.
1163 1821 1229 1891 373
1254 1823 1364 1890 verba

195 1930 284 1999 citat
307 1929 525 2003 eruditione
548 1931 715 2015 Romana,
742 1930 781 1998 in
805 1952 874 2021 qua
897 1930 988 1998 liber
1018 1931 1192 2000 tribuitur
1215 1931 1363 1999 Ambro-

197 2036 259 2105 sio.
277 2037 452 2125 Agnoscit
476 2034 593 2120 etiam,
613 2037 651 2104 in
676 2037 830 2107 editione
864 2037 1028 2105 Maurina
1051 2042 1187 2105 textum
1211 2061 1286 2105 esse
1310 2037 1365 2105 di-

195 2167 346 2213 versum.
366 2145 493 2212 Demus
517 2167 600 2233 ergo
624 2145 688 2213 hoc
710 2145 885 2228 Macario‚
915 2149 951 2213 et
973 2145 1208 2212 examinemus
1233 2144 1364 2213 doctri·

194 2276 273 2321 nam
297 2252 405 2321 huius
428 2253 585 2320 auctoris
609 2252 710 2321 iuxta
733 2252 837 2319 istam
861 2252 1058 2344 editionem,
1086 2275 1174 2345 quae
1198 2252 1363 2322 adversa-

194 2361 248 2429 rio
272 2359 483 2449 praeplacet.
513 2359 661 2449 Scopum
686 2361 827 2429 unicum
851 2355 887 2427 in
921 2361 991 2428 isto
1015 2361 1128 2448 capite
1152 2361 1206 2429 10.
1237 2368 1363 2430 auctor

195 2467 412 2559 propositum
435 2464 541 2534 habet
557 2465 740 2560 defendere
764 2466 934 2534 adversus
953 2465 1106 2535 Arianos
1122 2469 1295 2536 unitatem
1310 2492 1363 2538 es·

195 2573 328 2642 sentiae
352 2572 388 2640 in
412 2573 517 2641 Patre
539 2579 574 2640 et
596 2571 690 2641 Filio
713 2580 749 2642 et
772 2574 909 2662 Spiritu
933 2573 1073 2642 Sancto.
1104 2575 1203 2643 Inter
1224 2576 1364 2668 reliqua

194 2679 245 2748 ibi
268 2680 379 2764 docet,
397 2680 679 2768 exprooessione
715 2687 750 2747 et
773 2680 936 2750 missione
972 2681 1126 2771 Spiritus
1151 2684 1273 2751 Sancti
1309 2685 1363 2752 di-

194 2787 415 2858 stinctionem
432 2787 570 2878 quidem
586 2809 810 2876 personarum
827 2788 1070 2876 demonstrari,
1089 2790 1148 2858 sed
1165 2789 1270 2860 simul
1285 2792 1363 2860 uni·

194 2904 304 2968 tatem
327 2902 475 2964 naturae
500 2896 683 2965 custodiri.
716 2925 731 2959 a
756 2896 852 2984 Ergo
876 2900 979 2963 unius
1008 2898 1105 2984 (Dei)
1129 2897 1189 2988 qui
1214 2900 1365 2988 complet

70 3032 75 3042 ·
194 3005 321 3088 omnia,
340 3011 376 3073 et
398 3004 435 3070 in
459 3027 526 3096 quo
542 3009 626 3072 sunt
649 3005 775 3089 omnia,
793 3004 850 3072 his
875 3006 991 3074 verbis
1015 3005 1081 3073 sub
1096 3005 1267 3094 mysterio
1284 3031 1365 3073 suu-

195 3126 268 3180 ctue
293 3113 480 3180 Trinitatis
504 3111 634 3180 notitia
655 3112 891 3200 praedicatur,
910 3111 963 3178 ait
986 3113 1076 3179 enim
1098 3111 1226 3180 Filius:
1250 3111 1363 3202 Spiri-

195 3226 256 3288 tus
280 3219 445 3289 veritatis
469 3220 529 3311 qui
552 3242 574 3287 a
596 3222 701 3289 Patre
723 3221 893 3310 procedit.
918 3219 1041 3311 Inquit
1063 3243 1085 3285 a
1108 3220 1216 3286 Patre
1244 3244 1365 3308 proce·

195 3325 262 3412 dit,
281 3333 423 3419 propter
446 3328 627 3416 originem3
647 3328 766 3418 inquit
789 3352 886 3420 quem
909 3324 1057 3409 mittam,
1091 3336 1232 3418 propter
1255 3330 1363 3398 socie·

193 3443 302 3506 tatem
326 3435 567 3525 unitatemque
590 3442 748 3504 naturae.
769 3463 785 3498 n
805 3436 880 3503 Iam
904 3437 972 3521 aio,
997 3437 1029 3504 si
1053 3459 1137 3504 vera
1159 3445 1251 3505 esset
1275 3440 1362 3508 hoec

193 3543 311 3628 lectio,
329 3544 366 3612 in
383 3544 532 3611 secundo
547 3543 670 3628 inciso,
689 3568 786 3635 quem
801 3546 950 3627 mittam,
965 3545 1158 3613 necessario
1174 3545 1362 3615 dicendum

185 3660 298 3737 asset,
316 3652 451 3722 includi
474 3653 629 3720 Patrem:
659 3676 758 3744 quem
782 3676 846 3741 ego
870 3653 1007 3721 mittam
1042 3675 1149 3742 aeque
1173 3675 1212 3720 ac
1238 3654 1357 3738 Pater,

195 3762 278 3854 quia
301 3785 372 3830 una
395 3770 448 3832 est
464 3769 641 3831 naturaet
664 3768 848 3853 propterea
863 3784 934 3829 una
957 3748 1074 3831 uirtus
1095 3761 1259 3829 mittendi
1283 3761 1361 3852 Spi-

193 3869 303 3939 ritum
327 3869 365 3938 in
389 3893 441 3938 me
465 3875 500 3939 et
524 3869 561 3956 ip
583 3872 702 3958 Patre;
733 3870 852 3940 missio
874 3876 990 3938 autem
1022 3869 1187 3960 supponit
1209 3869 1245 3936 in
1270 3870 1362 3939 divi·

194 3976 250 4050 nis
274 3979 617 4049 communicationem
632 3985 783 4047 naturae
804 4000 826 4045 a
848 3979 1010 4046 mittente
1026 3977 1063 4045 in
1087 4001 1176 4061 eum,
1202 3977 1263 4068 qui
1282 3978 1363 4046 mit·

194 4087 297 4175 titur;
316 4109 355 4156 ac
379 4087 524 4178 proinde
547 4087 666 4155 missio
690 4086 809 4156 activa
831 4086 869 4153 in
903 4087 1009 4154 Patre
1032 4092 1068 4153 et
1090 4085 1184 4153 Filio
1211 4107 1362 4153 commu-

195 4197 264 4280 nis,
283 4203 319 4263 et
342 4197 460 4265 missio
483 4198 625 4286 passiva
659 4197 715 4280 (ut
738 4195 946 4286 loquuntur)
969 4194 1006 4260 in
1042 4193 1179 4282 Spiritu
1204 4193 1361 4261 ostendit

195 4325 264 4370 non
286 4303 384 4372 modo
408 4302 446 4371 in
468 4302 574 4372 Patre
597 4307 633 4370 et
654 4300 747 4368 Filio
764 4289 936 4384 mittente,
956 4298 1014 4367 sed
1038 4301 1142 4368 etiam
1158 4299 1195 4365 in
1221 4297 1360 4388 Spiritu

196 4411 300 4483 misso
325 4438 342 4478 u
366 4411 569 4508 societatem
592 4409 831 4500 unitatemque
854 4413 1015 4478 naturae.
1045 4405 1173 4477 nHinc
1196 4406 1303 4478 etiem
1319 4408 1357 4484 in
