3120 4988
729 252 783 306 '-
805 260 865 324 240
885 294 924 308 -

247 360 441 431 doctrinam
465 364 506 432 de
529 366 747 454 processione
780 367 935 457 Spiritus
960 367 1126 439 Sancti-a
1148 368 1242 438 Filio
1269 377 1335 440 aut
1357 396 1415 464 per

245 469 378 537 Filium
403 470 618 540 luculentam
642 479 678 541 et
702 474 937 544 universalem
962 499 1037 544 esse
1061 498 1192 565 negare
1206 499 1274 546 non
1292 482 1416 569 possit,

247 585 288 647 ut
311 603 373 670 pro
391 602 492 670 scopo
508 605 617 650 novae
634 590 748 652 sectae
764 585 807 651 ad
824 586 1044 674 negationem
1060 586 1235 676 dogmatis
1251 589 1419 662 catholici

248 690 440 777 pertingat,
466 690 597 778 absque
621 688 914 760 demonstratione
938 715 979 761 ac
1004 694 1105 762 velut
1128 695 1227 764 aliud
1244 700 1356 786 agens
1371 721 1420 768 sc·

248 796 392 886 quentia
414 795 563 863 assumit
586 797 774 886 principia.

315 902 348 969 1⁰
369 903 573 991 Distinguit
598 903 821 971 traditionem
844 906 926 974 fidei
950 914 986 977 et
1002 910 1268 998 speculationem
1288 911 1421 981 theolo-

248 1011 374 1100 gicam.
413 1010 595 1078 Veritates
622 1012 825 1080 tradicionis
862 1014 1004 1083 videtur
1038 1017 1181 1084 interim
1206 1019 1415 1105 concedere,

191 1176 192 1179 ,
249 1118 428 1188 doctrinas
459 1119 705 1209 speculationis
728 1129 852 1209 negat,
878 1123 1052 1212 pertinere
1075 1124 1120 1192 ad
1151 1126 1318 1214 dogmata
1349 1151 1420 1198 crc-

249 1227 373 1297 denda.

314 1333 348 1401 2υ
364 1334 462 1417 Quae
479 1331 601 1402 Patres
617 1334 807 1404 orientales
831 1343 867 1405 et
889 1338 1122 1408 occidentales
1138 1340 1263 1410 docent
1285 1342 1330 1411 de
1344 1366 1418 1433 pro·

248 1442 401 1511 cessione
426 1442 581 1531 Spiritus
606 1444 728 1512 Sancti
752 1466 773 1511 a
795 1445 901 1529 Filio,
929 1446 1064 1536 quoties
1087 1469 1155 1514 non
1172 1448 1306 1518 diserte
1332 1451 1421 1521 affir-

250 1558 347 1621 mant
370 1574 445 1621 esec
469 1551 594 1639 dogma
617 1552 699 1621 fidei
724 1553 931 1637 catholicae,
947 1576 986 1620 ea
1010 1554 1124 1621 omnia
1148 1558 1259 1625 refert
1282 1559 1327 1627 ad
1351 1582 1421 1648 spe·

177 1722 184 1727 .
250 1661 456 1728 colationem
483 1661 717 1750 theolopicam.
743 1660 795 1729 Ne
820 1684 902 1730 vero
926 1662 1003 1751 ipsa
1021 1662 1280 1732 'universalitas
1296 1672 1333 1735 et
1348 1691 1421 1757 per·

249 1769 407 1860 pctuitas
440 1769 619 1837 doctrinae
643 1768 786 1837 Patrum
810 1775 916 1860 atque
947 1771 1025 1860 ipsa
1054 1772 1136 1841 fidei
1172 1775 1334 1862 symbola
1356 1778 1420 1848 hoc

252 1876 429 1968 sophisma
461 1875 565 1944 inane
597 1898 672 1945 esse
696 1877 928 1961 convincant,
962 1884 1085 1946 auctor
1110 1887 1143 1962 5.
1169 1879 1224 1948 32.
1251 1905 1342 1953 novo
1365 1887 1422 1954 ab·

248 1986 409 2055 surdiora
433 1985 646 2075 sophismate
662 1985 768 2052 aliam
784 1985 851 2052 sibi
863 1991 1024 2054 reservat
1048 1971 1311 2058 distinctionem
1327 1992 1424 2062 inter

251 2122 268 2158 a
286 2093 483 2162 unanimem
508 2091 731 2159 traditionem
746 2091 867 2180 fidei»
895 2096 930 2160 et
945 2092 1038 2160 inter
1057 2122 1074 2158 u
1089 2095 1314 2162 traditionem
1332 2101 1423 2167 tbeo-

250 2203 397 2293 topicam
421 2223 529 2294 aeque
552 2201 658 2270 etiam
682 2202 877 2269 unanimem
900 2201 938 2268 in
961 2201 1118 2292 ipsisque
1141 2204 1314 2291 symbolis
1339 2206 1421 2274 fidei

249 2316 435 2400 receptam.
453 2337 468 2372 n
495 2309 594 2378 Unde
618 2311 812 2379 doctrinam
836 2310 877 2378 de
893 2310 1109 2399 processione
1123 2312 1280 2402 Spiritus
1296 2313 1422 2385 Sancti

249 2419 407 2501 aFilio,
445 2423 487 2486 ut
511 2440 618 2486 unum
642 2426 697 2486 est
721 2441 798 2486 cum
821 2420 926 2486 Patre
961 2419 1198 2509 principium,
1232 2423 1422 2492 concedere

250 2526 387 2620 quidem
417 2529 558 2615 cogitur
594 2549 667 2595 esse
702 2529 740 2591 ia
766 2527 955 2592 tradicione
979 2528 1171 2618 cteolopica
1194 2551 1418 2618 expressam,

249 2634 308 2702 sed
331 2641 438 2722 negat
461 2634 637 2723 pertinere
654 2631 700 2700 ad
714 2633 938 2700 traditionem
946 2633 1046 2722 fidei,
1058 2657 1099 2703 ac
1115 2642 1299 2726 propterea
1314 2644 1424 2728 negat

184 2794 193 2799 -
252 2765 326 2811 esse
349 2743 474 2831 dogma
496 2741 580 2810 fidei
604 2742 825 2810 credendum.

316 2847 349 2914 3⁰
371 2847 576 2917 Doctrinam
612 2847 811 2915 considerat
833 2871 897 2938 pro
920 2871 959 2916 eo
983 2849 1168 2917 dumtaxat
1197 2855 1320 2935 statu,
1355 2874 1423 2944 quo

247 2964 326 3043 erat
348 2964 429 3025 ante
453 2961 581 3024 motam
605 2955 878 3024 controversiam
895 2963 930 3024 et
945 2962 1026 3024 ante
1050 2965 1165 3024 ortum
1188 2955 1347 3026 haeresis
1363 2981 1423 3050 op-

249 3066 395 3157 positae;
411 3066 696 3156 subsequentium
714 3086 795 3132 vero
816 3063 1090 3132 declarationum
1106 3086 1147 3132 ac
1163 3064 1419 3152 definitionum,

250 3175 376 3266 quibus
399 3179 520 3242 contra
542 3171 806 3242 innovationum
830 3170 949 3238 Photii
965 3172 1125 3240 doctrina
1140 3172 1348 3241 distinctius
1363 3197 1422 3243 ex-

251 3282 383 3372 plicata
406 3284 459 3348 est
482 3286 518 3346 et
540 3279 739 3368 expressius
762 3278 978 3362 confirmata,
994 3278 1127 3347 nullam
1151 3300 1295 3369 prorsus
1311 3283 1422 3352 ratio-

252 3412 328 3457 nem
352 3388 457 3455 babet
474 3394 528 3470 ἐξ.
548 3387 649 3456 5-32.

316 3499 391 3564 Hac
415 3495 575 3564 methodo
598 3497 765 3586 adoptata
794 3496 869 3564 sine
903 3495 1009 3563 dubio
1033 3494 1148 3562 omnia
1170 3494 1337 3584 dogmata
1359 3500 1421 3570 ali-

250 3604 389 3689 minari,
415 3604 575 3671 haereses
600 3625 716 3672 omnes
732 3603 872 3671 defendi
896 3609 1054 3691 possunt,
1065 3601 1119 3669 ita
1135 3602 1229 3670 utin
1245 3603 1314 3673 fide
1329 3605 1421 3674 chri·

250 3715 367 3782 stiana
389 3710 488 3779 nihil·
505 3711 655 3800 amplius
678 3715 794 3776 ratum
811 3711 859 3777 sit
883 3731 923 3778 ac
941 3709 1061 3777 fixurm.
1076 3709 1246 3778 Doctrina
1269 3716 1420 3805 exempli

249 3843 356 3890 causa
372 3820 413 3888 de
430 3818 492 3887 SS.
510 3818 698 3901 Trinitate,
725 3817 889 3906 sepositis
914 3817 1177 3885 definitionibus
1200 3819 1369 3890 Nicaenis
1386 3829 1422 3892 et

248 3927 541 4019 explicationibus
565 3926 784 4016 sequentium
809 3929 976 4008 aetatum,
994 3924 1245 3993 consideranda
1261 3929 1420 3997 eritcum

248 4036 446 4105 Socinianis
471 4035 655 4103 dumtaxat
679 4035 714 4101 in
739 4034 837 4102 modo
871 4032 1168 4121 praedicationis,
1203 4056 1271 4124 quo
1294 4036 1420 4104 Patres

252 4144 428 4212 «necdum
464 4143 665 4210 asserebant
688 4140 893 4208 solutionem
930 4139 1171 4228 quaestionum
1196 4139 1416 4226 difficilium,

250 4274 327 4319 cum
351 4249 582 4319 calumniator
597 4247 719 4315 nullus
735 4247 916 4313 instaret»
944 4246 1053 4333 (Aug.
1071 4246 1108 4312 in
1125 4249 1182 4320 Ps.
1201 4247 1257 4314 54.
1274 4272 1309 4316 n.
1330 4250 1416 4335 22).

250 4357 347 4440 Quae
370 4379 453 4425 vero
477 4377 518 4422 ea
540 4359 667 4438 aetate,
696 4375 795 4443 aqua
819 4352 971 4420 nondum
995 4352 1146 4441 perfecte
1171 4353 1212 4421 do
1236 4353 1415 4425 'trinitate
