<?xml version="1.0" encoding="UTF-8"?>
<!DOCTYPE html PUBLIC "-//W3C//DTD XHTML 1.0 Transitional//EN"
    "http://www.w3.org/TR/xhtml1/DTD/xhtml1-transitional.dtd">
<html xmlns="http://www.w3.org/1999/xhtml" xml:lang="en" lang="en">
 <head>
  <title>
</title>
<meta http-equiv="Content-Type" content="text/html;charset=utf-8" />
  <meta name='ocr-system' content='tesseract 3.04.00' />
  <meta name='ocr-capabilities' content='ocr_page ocr_carea ocr_par ocr_line ocrx_word'/>
</head>
<body>
  <div class='ocr_page' id='page_1' title='image "./ioannisbaptfran00frangoog_0085.png"; bbox 0 0 3120 4988; ppageno 0'>
   <div class='ocr_carea' id='block_1_1' title="bbox 124 260 1388 2398">
    <p class='ocr_par' dir='ltr' id='par_1_1' title="bbox 192 260 1359 883">
     <span class='ocr_line' id='line_1_1' title="bbox 692 260 848 323; baseline 0.013 -22"><span class='ocrx_word' id='word_1_1' title='bbox 692 290 729 301; x_wconf 94' lang='grc'>..</span> <span class='ocrx_word' id='word_1_2' title='bbox 749 260 788 323; x_wconf 79' lang='lat' dir='ltr'>gp</span> <span class='ocrx_word' id='word_1_3' title='bbox 811 292 848 303; x_wconf 94' lang='grc'>..</span> 
     </span>
     <span class='ocr_line' id='line_1_2' title="bbox 192 362 1359 453; baseline 0.006 -24"><span class='ocrx_word' id='word_1_4' title='bbox 192 383 259 429; x_wconf 88' lang='lat' dir='ltr'>nus</span> <span class='ocrx_word' id='word_1_5' title='bbox 294 383 396 453; x_wconf 90' lang='lat' dir='ltr'>quam</span> <span class='ocrx_word' id='word_1_6' title='bbox 430 362 615 430; x_wconf 88' lang='lat' dir='ltr'>formulam</span> <span class='ocrx_word' id='word_1_7' title='bbox 652 365 797 433; x_wconf 89' lang='lat' dir='ltr'>alteram</span> <span class='ocrx_word' id='word_1_8' title='bbox 833 389 856 430; x_wconf 90' lang='lat' dir='ltr'>c</span> <span class='ocrx_word' id='word_1_9' title='bbox 882 365 986 432; x_wconf 81' lang='lat' dir='ltr'>Patre</span> <span class='ocrx_word' id='word_1_10' title='bbox 1008 377 1041 430; x_wconf 83' lang='lat' dir='ltr'>et</span> <span class='ocrx_word' id='word_1_11' title='bbox 1065 363 1160 432; x_wconf 80' lang='lat' dir='ltr'>Filio</span> <span class='ocrx_word' id='word_1_12' title='bbox 1194 365 1359 436; x_wconf 83' lang='lat' dir='ltr'>exhihere</span> 
     </span>
     <span class='ocr_line' id='line_1_3' title="bbox 192 469 1358 562; baseline 0.004 -26"><span class='ocrx_word' id='word_1_13' title='bbox 192 469 280 536; x_wconf 87' lang='lat' dir='ltr'>duas</span> <span class='ocrx_word' id='word_1_14' title='bbox 314 491 476 558; x_wconf 79' lang='lat' dir='ltr'><strong>personas</strong></span> <span class='ocrx_word' id='word_1_15' title='bbox 512 470 698 539; x_wconf 86' lang='lat' dir='ltr'>distinctas</span> <span class='ocrx_word' id='word_1_16' title='bbox 736 477 778 539; x_wconf 89' lang='lat' dir='ltr'>ut</span> <span class='ocrx_word' id='word_1_17' title='bbox 801 495 906 539; x_wconf 89' lang='lat' dir='ltr'>unum</span> <span class='ocrx_word' id='word_1_18' title='bbox 937 471 1162 561; x_wconf 88' lang='lat' dir='ltr'>principium.</span> <span class='ocrx_word' id='word_1_19' title='bbox 1192 471 1358 562; x_wconf 81' lang='lat' dir='ltr'>Adeoque</span> 
     </span>
     <span class='ocr_line' id='line_1_4' title="bbox 195 576 1359 668; baseline 0.004 -27"><span class='ocrx_word' id='word_1_20' title='bbox 195 605 211 641; x_wconf 78' lang='lat' dir='ltr'>a</span> <span class='ocrx_word' id='word_1_21' title='bbox 236 576 300 644; x_wconf 90' lang='lat' dir='ltr'>hoc</span> <span class='ocrx_word' id='word_1_22' title='bbox 325 578 449 665; x_wconf 89' lang='lat' dir='ltr'>dogma</span> <span class='ocrx_word' id='word_1_23' title='bbox 473 578 640 645; x_wconf 82' lang='lat' dir='ltr'>Tarasius</span> <span class='ocrx_word' id='word_1_24' title='bbox 663 601 729 645; x_wconf 90' lang='lat' dir='ltr'>non</span> <span class='ocrx_word' id='word_1_25' title='bbox 755 599 815 667; x_wconf 90' lang='lat' dir='ltr'>per</span> <span class='ocrx_word' id='word_1_26' title='bbox 839 601 874 646; x_wconf 89' lang='lat' dir='ltr'>se</span> <span class='ocrx_word' id='word_1_27' title='bbox 897 578 1113 666; x_wconf 81' lang='lat' dir='ltr'>explanavit,</span> <span class='ocrx_word' id='word_1_28' title='bbox 1132 581 1192 647; x_wconf 87' lang='lat' dir='ltr'>sed</span> <span class='ocrx_word' id='word_1_29' title='bbox 1218 600 1280 668; x_wconf 85' lang='lat' dir='ltr'>per</span> <span class='ocrx_word' id='word_1_30' title='bbox 1303 579 1359 646; x_wconf 93' lang='lat' dir='ltr'>do·</span> 
     </span>
     <span class='ocr_line' id='line_1_5' title="bbox 194 685 1357 771; baseline 0 -18"><span class='ocrx_word' id='word_1_31' title='bbox 194 687 341 753; x_wconf 86' lang='lat' dir='ltr'>ctrinam</span> <span class='ocrx_word' id='word_1_32' title='bbox 365 693 562 753; x_wconf 87' lang='lat' dir='ltr'>sanctorum</span> <span class='ocrx_word' id='word_1_33' title='bbox 599 686 743 753; x_wconf 89' lang='lat' dir='ltr'>Patrum</span> <span class='ocrx_word' id='word_1_34' title='bbox 767 687 945 754; x_wconf 87' lang='lat' dir='ltr'>confessus</span> <span class='ocrx_word' id='word_1_35' title='bbox 979 697 1033 755; x_wconf 89' lang='lat' dir='ltr'>est</span> <span class='ocrx_word' id='word_1_36' title='bbox 1058 713 1074 748; x_wconf 77' lang='lat' dir='ltr'>a</span> <span class='ocrx_word' id='word_1_37' title='bbox 1100 685 1229 771; x_wconf 80' lang='lat' dir='ltr'>(Marsi</span> <span class='ocrx_word' id='word_1_38' title='bbox 1255 686 1357 755; x_wconf 88' lang='lat' dir='ltr'><strong>XIII.</strong></span> 
     </span>
     <span class='ocr_line' id='line_1_6' title="bbox 194 794 337 883; baseline 0.014 -23"><span class='ocrx_word' id='word_1_39' title='bbox 194 819 227 883; x_wconf 91' lang='lat' dir='ltr'>p.</span> <span class='ocrx_word' id='word_1_40' title='bbox 247 794 337 879; x_wconf 83' lang='lat'><strong>760).</strong></span> 
     </span>
    </p>

    <p class='ocr_par' dir='ltr' id='par_1_2' title="bbox 190 898 1360 1424">
     <span class='ocr_line' id='line_1_7' title="bbox 258 898 1360 990; baseline 0.001 -24"><span class='ocrx_word' id='word_1_41' title='bbox 258 900 429 982; x_wconf 78' lang='lat' dir='ltr'>Quamvis</span> <span class='ocrx_word' id='word_1_42' title='bbox 453 900 571 990; x_wconf 91' lang='lat' dir='ltr'>itaque</span> <span class='ocrx_word' id='word_1_43' title='bbox 596 900 633 966; x_wconf 90' lang='lat' dir='ltr'>in</span> <span class='ocrx_word' id='word_1_44' title='bbox 657 898 812 968; x_wconf 86' lang='lat' dir='ltr'>Concilio</span> <span class='ocrx_word' id='word_1_45' title='bbox 836 899 919 982; x_wconf 94' lang='lat' dir='ltr'>VII,</span> <span class='ocrx_word' id='word_1_46' title='bbox 937 901 1069 969; x_wconf 77' lang='lat' dir='ltr'>directe</span> <span class='ocrx_word' id='word_1_47' title='bbox 1092 924 1160 968; x_wconf 93' lang='lat' dir='ltr'>non</span> <span class='ocrx_word' id='word_1_48' title='bbox 1185 901 1360 988; x_wconf 81' lang='lat' dir='ltr'>agebatur</span> 
     </span>
     <span class='ocr_line' id='line_1_8' title="bbox 192 1007 1359 1096; baseline -0.003 -19"><span class='ocrx_word' id='word_1_49' title='bbox 192 1010 232 1077; x_wconf 89' lang='lat' dir='ltr'>de</span> <span class='ocrx_word' id='word_1_50' title='bbox 255 1009 469 1096; x_wconf 87' lang='lat' dir='ltr'>processione</span> <span class='ocrx_word' id='word_1_51' title='bbox 486 1007 641 1095; x_wconf 79' lang='lat' dir='ltr'>Spiritus</span> <span class='ocrx_word' id='word_1_52' title='bbox 661 1007 794 1087; x_wconf 79' lang='lat' dir='ltr'>Sancti,</span> <span class='ocrx_word' id='word_1_53' title='bbox 814 1008 1022 1075; x_wconf 88' lang='lat' dir='ltr'>manifestus</span> <span class='ocrx_word' id='word_1_54' title='bbox 1038 1017 1152 1077; x_wconf 89' lang='lat' dir='ltr'>tamen</span> <span class='ocrx_word' id='word_1_55' title='bbox 1168 1017 1223 1076; x_wconf 90' lang='lat' dir='ltr'>est</span> <span class='ocrx_word' id='word_1_56' title='bbox 1248 1008 1359 1076; x_wconf 87' lang='lat' dir='ltr'>orien-</span> 
     </span>
     <span class='ocr_line' id='line_1_9' title="bbox 191 1115 1358 1206; baseline -0.003 -22"><span class='ocrx_word' id='word_1_57' title='bbox 191 1116 240 1184; x_wconf 86' lang='lat' dir='ltr'>tis</span> <span class='ocrx_word' id='word_1_58' title='bbox 263 1127 297 1184; x_wconf 90' lang='lat' dir='ltr'>et</span> <span class='ocrx_word' id='word_1_59' title='bbox 321 1115 509 1183; x_wconf 84' lang='lat' dir='ltr'>occidentis</span> <span class='ocrx_word' id='word_1_60' title='bbox 533 1137 719 1182; x_wconf 87' lang='lat' dir='ltr'>consensus</span> <span class='ocrx_word' id='word_1_61' title='bbox 747 1117 859 1204; x_wconf 90' lang='lat' dir='ltr'>quoad</span> <span class='ocrx_word' id='word_1_62' title='bbox 885 1116 1007 1205; x_wconf 85' lang='lat' dir='ltr'>dogma</span> <span class='ocrx_word' id='word_1_63' title='bbox 1031 1118 1144 1204; x_wconf 89' lang='lat' dir='ltr'>ipsum</span> <span class='ocrx_word' id='word_1_64' title='bbox 1168 1116 1358 1206; x_wconf 85' lang='lat' dir='ltr'>processio-</span> 
     </span>
     <span class='ocr_line' id='line_1_10' title="bbox 190 1224 1360 1318; baseline 0.001 -28"><span class='ocrx_word' id='word_1_65' title='bbox 190 1225 247 1291; x_wconf 88' lang='lat' dir='ltr'>nis</span> <span class='ocrx_word' id='word_1_66' title='bbox 271 1249 292 1289; x_wconf 89' lang='lat' dir='ltr'>a</span> <span class='ocrx_word' id='word_1_67' title='bbox 315 1226 422 1293; x_wconf 84' lang='lat' dir='ltr'>Patre</span> <span class='ocrx_word' id='word_1_68' title='bbox 443 1251 504 1314; x_wconf 83' lang='lat' dir='ltr'>per</span> <span class='ocrx_word' id='word_1_69' title='bbox 534 1227 666 1294; x_wconf 82' lang='lat' dir='ltr'>Filiam</span> <span class='ocrx_word' id='word_1_70' title='bbox 690 1229 764 1296; x_wconf 89' lang='lat' dir='ltr'>sive</span> <span class='ocrx_word' id='word_1_71' title='bbox 786 1253 811 1294; x_wconf 80' lang='lat' dir='ltr'>¹a</span> <span class='ocrx_word' id='word_1_72' title='bbox 843 1230 951 1297; x_wconf 82' lang='lat' dir='ltr'>Patre</span> <span class='ocrx_word' id='word_1_73' title='bbox 975 1239 1006 1293; x_wconf 86' lang='lat' dir='ltr'>et</span> <span class='ocrx_word' id='word_1_74' title='bbox 1029 1227 1143 1308; x_wconf 81' lang='lat' dir='ltr'>Filio,</span> <span class='ocrx_word' id='word_1_75' title='bbox 1174 1234 1211 1294; x_wconf 89' lang='lat' dir='ltr'>et</span> <span class='ocrx_word' id='word_1_76' title='bbox 1247 1224 1360 1318; x_wconf 85' lang='lat' dir='ltr'>quoad</span> 
     </span>
     <span class='ocr_line' id='line_1_11' title="bbox 193 1332 1130 1424; baseline 0.001 -25"><span class='ocrx_word' id='word_1_77' title='bbox 193 1332 384 1420; x_wconf 85' lang='lat' dir='ltr'>genuinum</span> <span class='ocrx_word' id='word_1_78' title='bbox 408 1355 543 1401; x_wconf 87' lang='lat' dir='ltr'>sensum</span> <span class='ocrx_word' id='word_1_79' title='bbox 570 1336 718 1420; x_wconf 87' lang='lat' dir='ltr'>symboli</span> <span class='ocrx_word' id='word_1_80' title='bbox 741 1333 1130 1424; x_wconf 83' lang='lat' dir='ltr'>Constantinopolitani.</span> 
     </span>
    </p>

    <p class='ocr_par' dir='ltr' id='par_1_3' title="bbox 124 1440 1388 2398">
     <span class='ocr_line' id='line_1_12' title="bbox 258 1440 1361 1533; baseline 0.008 -27"><span class='ocrx_word' id='word_1_81' title='bbox 258 1440 372 1507; x_wconf 84' lang='lat' dir='ltr'>Fraus</span> <span class='ocrx_word' id='word_1_82' title='bbox 407 1441 554 1533; x_wconf 86' lang='lat' dir='ltr'>denique</span> <span class='ocrx_word' id='word_1_83' title='bbox 577 1443 649 1510; x_wconf 90' lang='lat' dir='ltr'>alia</span> <span class='ocrx_word' id='word_1_84' title='bbox 682 1445 797 1512; x_wconf 88' lang='lat' dir='ltr'>estin</span> <span class='ocrx_word' id='word_1_85' title='bbox 830 1443 896 1511; x_wconf 90' lang='lat' dir='ltr'>hac</span> <span class='ocrx_word' id='word_1_86' title='bbox 931 1441 1152 1532; x_wconf 85' lang='lat' dir='ltr'>paragrapho</span> <span class='ocrx_word' id='word_1_87' title='bbox 1189 1443 1361 1514; x_wconf 89' lang='lat' dir='ltr'>diatribes</span> 
     </span>
     <span class='ocr_line' id='line_1_13' title="bbox 191 1549 1362 1643; baseline 0.003 -26"><span class='ocrx_word' id='word_1_88' title='bbox 191 1549 424 1635; x_wconf 86' lang='lat' dir='ltr'>Macarianae,</span> <span class='ocrx_word' id='word_1_89' title='bbox 443 1553 531 1641; x_wconf 88' lang='lat' dir='ltr'>quod</span> <span class='ocrx_word' id='word_1_90' title='bbox 550 1553 729 1635; x_wconf 86' lang='lat' dir='ltr'>intereos,</span> <span class='ocrx_word' id='word_1_91' title='bbox 748 1552 808 1643; x_wconf 91' lang='lat' dir='ltr'>qui</span> <span class='ocrx_word' id='word_1_92' title='bbox 833 1552 1005 1641; x_wconf 90' lang='lat' dir='ltr'>Spiritum</span> <span class='ocrx_word' id='word_1_93' title='bbox 1022 1550 1233 1638; x_wconf 84' lang='lat' dir='ltr'>simpliciter</span> <span class='ocrx_word' id='word_1_94' title='bbox 1250 1575 1271 1618; x_wconf 87' lang='lat' dir='ltr'>c</span> <span class='ocrx_word' id='word_1_95' title='bbox 1293 1554 1362 1621; x_wconf 83' lang='lat' dir='ltr'>Pa·</span> 
     </span>
     <span class='ocr_line' id='line_1_14' title="bbox 194 1652 1388 1747; baseline 0.004 -21"><span class='ocrx_word' id='word_1_96' title='bbox 194 1674 244 1726; x_wconf 86' lang='lat' dir='ltr'>tre</span> <span class='ocrx_word' id='word_1_97' title='bbox 266 1661 449 1747; x_wconf 88' lang='lat' dir='ltr'>procedere</span> <span class='ocrx_word' id='word_1_98' title='bbox 473 1661 648 1744; x_wconf 87' lang='lat' dir='ltr'>dixerint,</span> <span class='ocrx_word' id='word_1_99' title='bbox 679 1661 753 1728; x_wconf 85' lang='lat' dir='ltr'>sine</span> <span class='ocrx_word' id='word_1_100' title='bbox 777 1661 852 1727; x_wconf 91' lang='lat' dir='ltr'>ulla</span> <span class='ocrx_word' id='word_1_101' title='bbox 876 1660 1177 1727; x_wconf 86' lang='lat' dir='ltr'>animadversione</span> <span class='ocrx_word' id='word_1_102' title='bbox 1199 1652 1388 1731; x_wconf 81' lang='lat' dir='ltr'>numerat</span> 
     </span>
     <span class='ocr_line' id='line_1_15' title="bbox 193 1759 1359 1865; baseline 0 -29"><span class='ocrx_word' id='word_1_103' title='bbox 193 1770 316 1836; x_wconf 88' lang='lat' dir='ltr'>Patres</span> <span class='ocrx_word' id='word_1_104' title='bbox 341 1768 529 1865; x_wconf 83' lang='lat' dir='ltr'>Africanos</span> <span class='ocrx_word' id='word_1_105' title='bbox 546 1769 580 1834; x_wconf 81' lang='lat' dir='ltr'>i&#39;n</span> <span class='ocrx_word' id='word_1_106' title='bbox 600 1759 811 1856; x_wconf 79' lang='lat' dir='ltr'>professione</span> <span class='ocrx_word' id='word_1_107' title='bbox 835 1769 916 1837; x_wconf 87' lang='lat' dir='ltr'>fidei</span> <span class='ocrx_word' id='word_1_108' title='bbox 940 1767 1116 1835; x_wconf 89' lang='lat' dir='ltr'>Hunerico</span> <span class='ocrx_word' id='word_1_109' title='bbox 1129 1767 1204 1855; x_wconf 87' lang='lat' dir='ltr'>regi</span> <span class='ocrx_word' id='word_1_110' title='bbox 1230 1769 1359 1855; x_wconf 83' lang='lat' dir='ltr'>oblata,</span> 
     </span>
     <span class='ocr_line' id='line_1_16' title="bbox 176 1875 1361 1965; baseline 0.001 -21"><span class='ocrx_word' id='word_1_111' title='bbox 176 1896 274 1944; x_wconf 66' lang='lat' dir='ltr'>&#39;cum</span> <span class='ocrx_word' id='word_1_112' title='bbox 298 1885 410 1944; x_wconf 88' lang='lat' dir='ltr'>tamen</span> <span class='ocrx_word' id='word_1_113' title='bbox 436 1883 514 1965; x_wconf 86' lang='lat' dir='ltr'>post</span> <span class='ocrx_word' id='word_1_114' title='bbox 537 1877 721 1944; x_wconf 89' lang='lat' dir='ltr'>editionem</span> <span class='ocrx_word' id='word_1_115' title='bbox 756 1877 912 1945; x_wconf 88' lang='lat' dir='ltr'>Victoris</span> <span class='ocrx_word' id='word_1_116' title='bbox 936 1875 1093 1944; x_wconf 87' lang='lat' dir='ltr'>Vitensis</span> <span class='ocrx_word' id='word_1_117' title='bbox 1127 1876 1361 1945; x_wconf 84' lang='lat' dir='ltr'>aRoinartio</span> 
     </span>
     <span class='ocr_line' id='line_1_17' title="bbox 196 1984 1361 2073; baseline 0.005 -23"><span class='ocrx_word' id='word_1_118' title='bbox 196 1985 365 2050; x_wconf 91' lang='lat' dir='ltr'>adornata</span> <span class='ocrx_word' id='word_1_119' title='bbox 388 1984 552 2071; x_wconf 89' lang='lat' dir='ltr'>ignorare</span> <span class='ocrx_word' id='word_1_120' title='bbox 574 2007 642 2050; x_wconf 89' lang='lat' dir='ltr'>nou</span> <span class='ocrx_word' id='word_1_121' title='bbox 666 1986 819 2073; x_wconf 87' lang='lat' dir='ltr'>potuerit</span> <span class='ocrx_word' id='word_1_122' title='bbox 842 1992 904 2053; x_wconf 86' lang='lat' dir='ltr'>aut</span> <span class='ocrx_word' id='word_1_123' title='bbox 927 1993 1019 2054; x_wconf 88' lang='lat' dir='ltr'>certe</span> <span class='ocrx_word' id='word_1_124' title='bbox 1040 2008 1108 2051; x_wconf 93' lang='lat' dir='ltr'>non</span> <span class='ocrx_word' id='word_1_125' title='bbox 1132 1986 1306 2072; x_wconf 86' lang='lat' dir='ltr'>debuerit,</span> <span class='ocrx_word' id='word_1_126' title='bbox 1326 1989 1361 2056; x_wconf 91' lang='lat' dir='ltr'>in</span> 
     </span>
     <span class='ocr_line' id='line_1_18' title="bbox 196 2092 1361 2182; baseline 0.005 -22"><span class='ocrx_word' id='word_1_127' title='bbox 196 2093 349 2181; x_wconf 88' lang='lat' dir='ltr'>genuina</span> <span class='ocrx_word' id='word_1_128' title='bbox 373 2092 522 2160; x_wconf 87' lang='lat' dir='ltr'>lectione</span> <span class='ocrx_word' id='word_1_129' title='bbox 546 2095 708 2182; x_wconf 88' lang='lat' dir='ltr'>egregiae</span> <span class='ocrx_word' id='word_1_130' title='bbox 733 2095 957 2182; x_wconf 83' lang='lat' dir='ltr'>professionis</span> <span class='ocrx_word' id='word_1_131' title='bbox 980 2096 1023 2160; x_wconf 88' lang='lat' dir='ltr'>ab</span> <span class='ocrx_word' id='word_1_132' title='bbox 1047 2095 1121 2161; x_wconf 91' lang='lat' dir='ltr'>illis</span> <span class='ocrx_word' id='word_1_133' title='bbox 1136 2094 1203 2162; x_wconf 78' lang='lat'>461</span> <span class='ocrx_word' id='word_1_134' title='bbox 1229 2099 1361 2166; x_wconf 84' lang='lat' dir='ltr'>sanctis</span> 
     </span>
     <span class='ocr_line' id='line_1_19' title="bbox 124 2203 1360 2292; baseline 0.004 -21"><span class='ocrx_word' id='word_1_135' title='bbox 124 2280 126 2284; x_wconf 47' lang='grc'>,</span> <span class='ocrx_word' id='word_1_136' title='bbox 200 2203 455 2271; x_wconf 83' lang='lat' dir='ltr'>confessoribus</span> <span class='ocrx_word' id='word_1_137' title='bbox 479 2203 607 2270; x_wconf 87' lang='lat' dir='ltr'>diserte</span> <span class='ocrx_word' id='word_1_138' title='bbox 631 2203 817 2271; x_wconf 86' lang='lat' dir='ltr'>declarari:</span> <span class='ocrx_word' id='word_1_139' title='bbox 839 2205 1066 2292; x_wconf 70' lang='lat' dir='ltr'>«ingenitum</span> <span class='ocrx_word' id='word_1_140' title='bbox 1091 2207 1230 2272; x_wconf 90' lang='lat' dir='ltr'>Patrem</span> <span class='ocrx_word' id='word_1_141' title='bbox 1255 2213 1293 2274; x_wconf 85' lang='lat' dir='ltr'>et</span> <span class='ocrx_word' id='word_1_142' title='bbox 1320 2207 1360 2276; x_wconf 91' lang='lat' dir='ltr'>de</span> 
     </span>
     <span class='ocr_line' id='line_1_20' title="bbox 195 2309 1361 2398; baseline 0.003 -22"><span class='ocrx_word' id='word_1_143' title='bbox 195 2309 297 2376; x_wconf 89' lang='lat' dir='ltr'>Patre</span> <span class='ocrx_word' id='word_1_144' title='bbox 322 2312 478 2396; x_wconf 88' lang='lat' dir='ltr'>genitum</span> <span class='ocrx_word' id='word_1_145' title='bbox 501 2309 644 2392; x_wconf 82' lang='lat' dir='ltr'>Filium,</span> <span class='ocrx_word' id='word_1_146' title='bbox 675 2309 774 2378; x_wconf 84' lang='lat' dir='ltr'>etde</span> <span class='ocrx_word' id='word_1_147' title='bbox 801 2310 908 2377; x_wconf 84' lang='lat' dir='ltr'>Patre</span> <span class='ocrx_word' id='word_1_148' title='bbox 938 2324 969 2376; x_wconf 83' lang='lat' dir='ltr'>et</span> <span class='ocrx_word' id='word_1_149' title='bbox 1004 2311 1099 2377; x_wconf 78' lang='lat' dir='ltr'>Filio</span> <span class='ocrx_word' id='word_1_150' title='bbox 1129 2311 1361 2398; x_wconf 80' lang='lat' dir='ltr'>procedentem</span> 
     </span>
    </p>
   </div>
   <div class='ocr_carea' id='block_1_2' title="bbox 194 2406 1363 2723">
    <p class='ocr_par' dir='ltr' id='par_1_4' title="bbox 194 2406 1363 2723">
     <span class='ocr_line' id='line_1_21' title="bbox 194 2406 1359 2506; baseline 0.006 -25"><span class='ocrx_word' id='word_1_151' title='bbox 194 2421 364 2506; x_wconf 76' lang='lat' dir='ltr'>Spiritum</span> <span class='ocrx_word' id='word_1_152' title='bbox 386 2406 547 2487; x_wconf 74' lang='lat' dir='ltr'>Salaecam</span> <span class='ocrx_word' id='word_1_153' title='bbox 572 2419 675 2484; x_wconf 89' lang='lat' dir='ltr'>unios</span> <span class='ocrx_word' id='word_1_154' title='bbox 698 2418 870 2486; x_wconf 88' lang='lat' dir='ltr'>credimus</span> <span class='ocrx_word' id='word_1_155' title='bbox 893 2441 966 2486; x_wconf 88' lang='lat' dir='ltr'>esse</span> <span class='ocrx_word' id='word_1_156' title='bbox 991 2420 1208 2488; x_wconf 89' lang='lat' dir='ltr'>substantiae</span> <span class='ocrx_word' id='word_1_157' title='bbox 1233 2421 1292 2489; x_wconf 86' lang='lat' dir='ltr'>vel</span> <span class='ocrx_word' id='word_1_158' title='bbox 1310 2445 1359 2490; x_wconf 88' lang='lat' dir='ltr'>es·</span> 
     </span>
     <span class='ocr_line' id='line_1_22' title="bbox 196 2524 1363 2610; baseline 0.003 -18"><span class='ocrx_word' id='word_1_159' title='bbox 196 2526 328 2594; x_wconf 91' lang='lat' dir='ltr'>sentiae</span> <span class='ocrx_word' id='word_1_160' title='bbox 354 2553 368 2586; x_wconf 81' lang='lat' dir='ltr'><em>n</em></span> <span class='ocrx_word' id='word_1_161' title='bbox 396 2525 544 2610; x_wconf 90' lang='lat' dir='ltr'>(Victor.</span> <span class='ocrx_word' id='word_1_162' title='bbox 564 2524 639 2592; x_wconf 89' lang='lat' dir='ltr'>Vit.</span> <span class='ocrx_word' id='word_1_163' title='bbox 658 2525 682 2593; x_wconf 94' lang='lat' dir='ltr'>l.</span> <span class='ocrx_word' id='word_1_164' title='bbox 702 2527 768 2591; x_wconf 88' lang='lat' dir='ltr'><strong>III.</strong></span> <span class='ocrx_word' id='word_1_165' title='bbox 795 2548 831 2594; x_wconf 96' lang='lat' dir='ltr'>n.</span> <span class='ocrx_word' id='word_1_166' title='bbox 858 2525 920 2610; x_wconf 84' lang='grc'><strong>1.)“.</strong></span> <span class='ocrx_word' id='word_1_167' title='bbox 947 2526 1015 2594; x_wconf 88' lang='lat' dir='ltr'>Sed</span> <span class='ocrx_word' id='word_1_168' title='bbox 1046 2527 1086 2594; x_wconf 88' lang='lat' dir='ltr'>de</span> <span class='ocrx_word' id='word_1_169' title='bbox 1112 2527 1176 2595; x_wconf 89' lang='lat' dir='ltr'>hac</span> <span class='ocrx_word' id='word_1_170' title='bbox 1208 2550 1246 2595; x_wconf 91' lang='lat' dir='ltr'>re</span> <span class='ocrx_word' id='word_1_171' title='bbox 1268 2530 1363 2596; x_wconf 80' lang='lat' dir='ltr'>suffi-</span> 
     </span>
     <span class='ocr_line' id='line_1_23' title="bbox 196 2631 829 2723; baseline -0.003 -22"><span class='ocrx_word' id='word_1_172' title='bbox 196 2633 306 2717; x_wconf 89' lang='lat' dir='ltr'>ciunt,</span> <span class='ocrx_word' id='word_1_173' title='bbox 326 2654 413 2723; x_wconf 87' lang='lat' dir='ltr'>quae</span> <span class='ocrx_word' id='word_1_174' title='bbox 437 2633 512 2699; x_wconf 85' lang='lat' dir='ltr'>dixi</span> <span class='ocrx_word' id='word_1_175' title='bbox 536 2631 572 2698; x_wconf 91' lang='lat' dir='ltr'>in</span> <span class='ocrx_word' id='word_1_176' title='bbox 598 2632 664 2700; x_wconf 83' lang='lat' dir='ltr'>Th.</span> <span class='ocrx_word' id='word_1_177' title='bbox 682 2633 829 2701; x_wconf 87' lang='lat' dir='ltr'>XXXV.</span> 
     </span>
    </p>
   </div>
   <div class='ocr_carea' id='block_1_3' title="bbox 306 2792 1246 2886">
    <p class='ocr_par' dir='ltr' id='par_1_5' title="bbox 306 2792 1246 2886">
     <span class='ocr_line' id='line_1_24' title="bbox 306 2792 1246 2886; baseline 0 -23"><span class='ocrx_word' id='word_1_178' title='bbox 306 2801 339 2878; x_wconf 69' lang='grc' dir='ltr'>ἓ.</span> <span class='ocrx_word' id='word_1_179' title='bbox 356 2796 405 2863; x_wconf 92' lang='lat' dir='ltr'>Il.</span> <span class='ocrx_word' id='word_1_180' title='bbox 424 2795 476 2862; x_wconf 87' lang='lat' dir='ltr'>De</span> <span class='ocrx_word' id='word_1_181' title='bbox 499 2794 668 2863; x_wconf 76' lang='lat' dir='ltr'>Conciliis</span> <span class='ocrx_word' id='word_1_182' title='bbox 693 2794 865 2862; x_wconf 77' lang='lat' dir='ltr'>Toletanis</span> <span class='ocrx_word' id='word_1_183' title='bbox 895 2809 926 2860; x_wconf 88' lang='lat' dir='ltr'>et</span> <span class='ocrx_word' id='word_1_184' title='bbox 955 2792 1246 2886; x_wconf 76' lang='lat' dir='ltr'>Aquiapranensi.</span> 
     </span>
    </p>
   </div>
   <div class='ocr_carea' id='block_1_4' title="bbox 195 2956 1362 3480">
    <p class='ocr_par' dir='ltr' id='par_1_6' title="bbox 195 2956 1362 3480">
     <span class='ocr_line' id='line_1_25' title="bbox 263 2956 1362 3047; baseline 0.005 -22"><span class='ocrx_word' id='word_1_185' title='bbox 263 2958 495 3047; x_wconf 83' lang='lat' dir='ltr'>Progreditur</span> <span class='ocrx_word' id='word_1_186' title='bbox 511 2956 578 3023; x_wconf 92' lang='lat' dir='ltr'>iam</span> <span class='ocrx_word' id='word_1_187' title='bbox 603 2956 803 3024; x_wconf 86' lang='lat' dir='ltr'>Macariana</span> <span class='ocrx_word' id='word_1_188' title='bbox 827 2956 980 3023; x_wconf 89' lang='lat' dir='ltr'>eruditio</span> <span class='ocrx_word' id='word_1_189' title='bbox 997 2957 1039 3024; x_wconf 88' lang='lat' dir='ltr'>ad</span> <span class='ocrx_word' id='word_1_190' title='bbox 1059 2958 1240 3033; x_wconf 84' lang='lat' dir='ltr'>eluendam</span> <span class='ocrx_word' id='word_1_191' title='bbox 1258 2962 1362 3032; x_wconf 88' lang='lat' dir='ltr'>diser·</span> 
     </span>
     <span class='ocr_line' id='line_1_26' title="bbox 196 3065 1362 3161; baseline 0.003 -26"><span class='ocrx_word' id='word_1_192' title='bbox 196 3068 366 3135; x_wconf 79' lang='lat' dir='ltr'>tissimum</span> <span class='ocrx_word' id='word_1_193' title='bbox 391 3067 637 3155; x_wconf 83' lang='lat' dir='ltr'>professionem</span> <span class='ocrx_word' id='word_1_194' title='bbox 654 3065 886 3132; x_wconf 74' lang='lat' dir='ltr'>Consiliorum</span> <span class='ocrx_word' id='word_1_195' title='bbox 909 3065 1154 3142; x_wconf 81' lang='lat' dir='ltr'>Toletanorum</span> <span class='ocrx_word' id='word_1_196' title='bbox 1179 3075 1215 3135; x_wconf 85' lang='lat' dir='ltr'>et</span> <span class='ocrx_word' id='word_1_197' title='bbox 1232 3070 1362 3161; x_wconf 88' lang='lat' dir='ltr'>Aquis·</span> 
     </span>
     <span class='ocr_line' id='line_1_27' title="bbox 195 3172 1361 3266; baseline 0 -24"><span class='ocrx_word' id='word_1_198' title='bbox 195 3175 399 3266; x_wconf 89' lang='lat' dir='ltr'>granensis,</span> <span class='ocrx_word' id='word_1_199' title='bbox 429 3195 517 3264; x_wconf 90' lang='lat' dir='ltr'>quae</span> <span class='ocrx_word' id='word_1_200' title='bbox 552 3179 633 3240; x_wconf 85' lang='lat' dir='ltr'>ante</span> <span class='ocrx_word' id='word_1_201' title='bbox 666 3181 820 3238; x_wconf 87' lang='lat' dir='ltr'>exortam</span> <span class='ocrx_word' id='word_1_202' title='bbox 852 3172 1022 3239; x_wconf 85' lang='lat' dir='ltr'>haeresim</span> <span class='ocrx_word' id='word_1_203' title='bbox 1054 3172 1260 3240; x_wconf 88' lang='lat' dir='ltr'>Photianam</span> <span class='ocrx_word' id='word_1_204' title='bbox 1285 3179 1361 3247; x_wconf 91' lang='lat' dir='ltr'>aV</span> 
     </span>
     <span class='ocr_line' id='line_1_28' title="bbox 196 3277 1361 3369; baseline 0.004 -20"><span class='ocrx_word' id='word_1_205' title='bbox 196 3282 238 3349; x_wconf 92' lang='lat' dir='ltr'>ad</span> <span class='ocrx_word' id='word_1_206' title='bbox 262 3281 314 3348; x_wconf 90' lang='lat' dir='ltr'>IX</span> <span class='ocrx_word' id='word_1_207' title='bbox 338 3280 513 3349; x_wconf 87' lang='lat' dir='ltr'>saeculum</span> <span class='ocrx_word' id='word_1_208' title='bbox 539 3281 712 3348; x_wconf 87' lang='lat' dir='ltr'>celebrata</span> <span class='ocrx_word' id='word_1_209' title='bbox 736 3286 830 3365; x_wconf 85' lang='lat' dir='ltr'>sunt;</span> <span class='ocrx_word' id='word_1_210' title='bbox 856 3303 936 3346; x_wconf 91' lang='lat' dir='ltr'>nam</span> <span class='ocrx_word' id='word_1_211' title='bbox 961 3280 1001 3347; x_wconf 87' lang='lat' dir='ltr'>de</span> <span class='ocrx_word' id='word_1_212' title='bbox 1029 3277 1182 3369; x_wconf 86' lang='lat' dir='ltr'>synodis</span> <span class='ocrx_word' id='word_1_213' title='bbox 1202 3284 1361 3353; x_wconf 86' lang='lat' dir='ltr'>Hedtfel-</span> 
     </span>
     <span class='ocr_line' id='line_1_29' title="bbox 195 3387 1360 3480; baseline 0.003 -22"><span class='ocrx_word' id='word_1_214' title='bbox 195 3390 291 3480; x_wconf 87' lang='lat' dir='ltr'>densi</span> <span class='ocrx_word' id='word_1_215' title='bbox 315 3390 379 3456; x_wconf 89' lang='lat' dir='ltr'>sub</span> <span class='ocrx_word' id='word_1_216' title='bbox 396 3388 574 3456; x_wconf 82' lang='lat' dir='ltr'>Theodoro</span> <span class='ocrx_word' id='word_1_217' title='bbox 591 3387 836 3453; x_wconf 85' lang='lat' dir='ltr'>Cantauriensi</span> <span class='ocrx_word' id='word_1_218' title='bbox 853 3388 1009 3472; x_wconf 88' lang='lat' dir='ltr'>(natione</span> <span class='ocrx_word' id='word_1_219' title='bbox 1027 3388 1173 3476; x_wconf 80' lang='lat' dir='ltr'>Graeco)</span> <span class='ocrx_word' id='word_1_220' title='bbox 1188 3415 1276 3460; x_wconf 85' lang='lat' dir='ltr'>anno</span> <span class='ocrx_word' id='word_1_221' title='bbox 1293 3395 1360 3462; x_wconf 78' lang='lat'>680</span> 
     </span>
    </p>
   </div>
   <div class='ocr_carea' id='block_1_5' title="bbox 195 3495 1357 3586">
    <p class='ocr_par' dir='ltr' id='par_1_7' title="bbox 195 3495 1357 3586">
     <span class='ocr_line' id='line_1_30' title="bbox 195 3495 1357 3586; baseline 0.003 -21"><span class='ocrx_word' id='word_1_222' title='bbox 195 3498 322 3584; x_wconf 87' lang='lat' dir='ltr'>(Mansi</span> <span class='ocrx_word' id='word_1_223' title='bbox 345 3496 410 3565; x_wconf 89' lang='lat' dir='ltr'>XI.</span> <span class='ocrx_word' id='word_1_224' title='bbox 430 3521 463 3586; x_wconf 91' lang='lat' dir='ltr'>p.</span> <span class='ocrx_word' id='word_1_225' title='bbox 483 3496 562 3581; x_wconf 78' lang='lat'>176)</span> <span class='ocrx_word' id='word_1_226' title='bbox 586 3503 621 3563; x_wconf 91' lang='lat' dir='ltr'>et</span> <span class='ocrx_word' id='word_1_227' title='bbox 644 3495 892 3566; x_wconf 84' lang='lat' dir='ltr'>Wormatiensi</span> <span class='ocrx_word' id='word_1_228' title='bbox 918 3520 1007 3564; x_wconf 88' lang='lat' dir='ltr'>anno</span> <span class='ocrx_word' id='word_1_229' title='bbox 1030 3498 1095 3564; x_wconf 80' lang='lat'>868</span> <span class='ocrx_word' id='word_1_230' title='bbox 1126 3498 1253 3585; x_wconf 88' lang='lat' dir='ltr'>(Mansi</span> <span class='ocrx_word' id='word_1_231' title='bbox 1277 3501 1357 3571; x_wconf 92' lang='lat' dir='ltr'>XV.</span> 
     </span>
    </p>
   </div>
   <div class='ocr_carea' id='block_1_6' title="bbox 194 3662 1376 4455">
    <p class='ocr_par' dir='ltr' id='par_1_8' title="bbox 194 3662 1376 4455">
     <span class='ocr_line' id='line_1_31' title="bbox 194 3662 1360 3729; baseline 0.002 -12"><span class='ocrx_word' id='word_1_232' title='bbox 194 3665 267 3718; x_wconf 87' lang='lat' dir='ltr'>hanc</span> <span class='ocrx_word' id='word_1_233' title='bbox 286 3664 497 3729; x_wconf 82' lang='lat' dir='ltr'>grammaticam</span> <span class='ocrx_word' id='word_1_234' title='bbox 517 3681 534 3714; x_wconf 86' lang='lat' dir='ltr'>c</span> <span class='ocrx_word' id='word_1_235' title='bbox 552 3663 638 3714; x_wconf 73' lang='lat' dir='ltr'>Patre</span> <span class='ocrx_word' id='word_1_236' title='bbox 655 3680 702 3728; x_wconf 81' lang='lat' dir='ltr'>per</span> <span class='ocrx_word' id='word_1_237' title='bbox 721 3665 830 3715; x_wconf 79' lang='lat' dir='ltr'>Fili-am</span> <span class='ocrx_word' id='word_1_238' title='bbox 849 3663 1004 3729; x_wconf 87' lang='lat' dir='ltr'>promiscue</span> <span class='ocrx_word' id='word_1_239' title='bbox 1023 3662 1156 3729; x_wconf 86' lang='lat' dir='ltr'>usurpari</span> <span class='ocrx_word' id='word_1_240' title='bbox 1183 3665 1213 3714; x_wconf 88' lang='lat' dir='ltr'>et</span> <span class='ocrx_word' id='word_1_241' title='bbox 1234 3665 1360 3719; x_wconf 88' lang='lat' dir='ltr'>eiusdem</span> 
     </span>
     <span class='ocr_line' id='line_1_32' title="bbox 194 3750 1360 3821; baseline 0.002 -14"><span class='ocrx_word' id='word_1_242' title='bbox 194 3769 256 3807; x_wconf 86' lang='lat' dir='ltr'>csse</span> <span class='ocrx_word' id='word_1_243' title='bbox 276 3753 499 3819; x_wconf 80' lang='lat' dir='ltr'>significationis</span> <span class='ocrx_word' id='word_1_244' title='bbox 518 3769 578 3806; x_wconf 89' lang='lat' dir='ltr'>cum</span> <span class='ocrx_word' id='word_1_245' title='bbox 598 3754 690 3805; x_wconf 88' lang='lat' dir='ltr'>altera</span> <span class='ocrx_word' id='word_1_246' title='bbox 710 3772 727 3804; x_wconf 89' lang='lat' dir='ltr'>c</span> <span class='ocrx_word' id='word_1_247' title='bbox 745 3754 831 3803; x_wconf 82' lang='lat' dir='ltr'>Patre</span> <span class='ocrx_word' id='word_1_248' title='bbox 849 3759 875 3802; x_wconf 85' lang='lat' dir='ltr'>et</span> <span class='ocrx_word' id='word_1_249' title='bbox 893 3752 983 3804; x_wconf 80' lang='lat' dir='ltr'>Filio.</span> <span class='ocrx_word' id='word_1_250' title='bbox 1002 3750 1045 3803; x_wconf 76' lang='lat' dir='ltr'>ld</span> <span class='ocrx_word' id='word_1_251' title='bbox 1066 3751 1117 3805; x_wconf 91' lang='lat' dir='ltr'>hoc</span> <span class='ocrx_word' id='word_1_252' title='bbox 1136 3757 1286 3819; x_wconf 85' lang='lat' dir='ltr'>utrumque</span> <span class='ocrx_word' id='word_1_253' title='bbox 1314 3771 1360 3821; x_wconf 76' lang='lat' dir='ltr'>au·</span> 
     </span>
     <span class='ocr_line' id='line_1_33' title="bbox 196 3831 1362 3911; baseline 0.001 -15"><span class='ocrx_word' id='word_1_254' title='bbox 196 3846 250 3896; x_wconf 85' lang='lat' dir='ltr'>tem</span> <span class='ocrx_word' id='word_1_255' title='bbox 263 3844 436 3910; x_wconf 86' lang='lat' dir='ltr'>probandum</span> <span class='ocrx_word' id='word_1_256' title='bbox 450 3843 615 3896; x_wconf 86' lang='lat' dir='ltr'>testimonia</span> <span class='ocrx_word' id='word_1_257' title='bbox 629 3831 665 3894; x_wconf 84' lang='lat' dir='ltr'>ab</span> <span class='ocrx_word' id='word_1_258' title='bbox 677 3842 823 3896; x_wconf 88' lang='lat' dir='ltr'>Hadriano</span> <span class='ocrx_word' id='word_1_259' title='bbox 836 3843 955 3895; x_wconf 76' lang='lat' dir='ltr'>inductu</span> <span class='ocrx_word' id='word_1_260' title='bbox 968 3844 1082 3895; x_wconf 89' lang='lat' dir='ltr'>omuino</span> <span class='ocrx_word' id='word_1_261' title='bbox 1096 3843 1248 3909; x_wconf 82' lang='lat' dir='ltr'>sufficiunt,</span> <span class='ocrx_word' id='word_1_262' title='bbox 1265 3861 1362 3911; x_wconf 87' lang='lat' dir='ltr'>quam·</span> 
     </span>
     <span class='ocr_line' id='line_1_34' title="bbox 194 3931 1360 4000; baseline 0.002 -14"><span class='ocrx_word' id='word_1_263' title='bbox 194 3935 240 3987; x_wconf 85' lang='lat' dir='ltr'>ris</span> <span class='ocrx_word' id='word_1_264' title='bbox 260 3948 316 3985; x_wconf 88' lang='lat' dir='ltr'>non</span> <span class='ocrx_word' id='word_1_265' title='bbox 335 3934 366 3985; x_wconf 86' lang='lat' dir='ltr'>io</span> <span class='ocrx_word' id='word_1_266' title='bbox 386 3935 516 3986; x_wconf 88' lang='lat' dir='ltr'>omnibus</span> <span class='ocrx_word' id='word_1_267' title='bbox 536 3933 696 3986; x_wconf 85' lang='lat' dir='ltr'>immediate</span> <span class='ocrx_word' id='word_1_268' title='bbox 717 3933 750 3985; x_wconf 87' lang='lat' dir='ltr'>de</span> <span class='ocrx_word' id='word_1_269' title='bbox 770 3933 948 4000; x_wconf 82' lang='lat' dir='ltr'>processione</span> <span class='ocrx_word' id='word_1_270' title='bbox 976 3931 1102 3998; x_wconf 83' lang='lat' dir='ltr'>Spiritus</span> <span class='ocrx_word' id='word_1_271' title='bbox 1128 3932 1224 3985; x_wconf 72' lang='lat' dir='ltr'>lancti</span> <span class='ocrx_word' id='word_1_272' title='bbox 1248 3939 1360 3998; x_wconf 82' lang='lat' dir='ltr'>egetur.</span> 
     </span>
     <span class='ocr_line' id='line_1_35' title="bbox 194 4021 1361 4090; baseline 0.002 -15"><span class='ocrx_word' id='word_1_273' title='bbox 194 4024 283 4076; x_wconf 84' lang='lat' dir='ltr'>Porro</span> <span class='ocrx_word' id='word_1_274' title='bbox 304 4038 338 4074; x_wconf 83' lang='lat' dir='ltr'>ex</span> <span class='ocrx_word' id='word_1_275' title='bbox 357 4024 404 4076; x_wconf 85' lang='lat' dir='ltr'>his</span> <span class='ocrx_word' id='word_1_276' title='bbox 424 4024 529 4090; x_wconf 82' lang='lat' dir='ltr'>duobos</span> <span class='ocrx_word' id='word_1_277' title='bbox 550 4024 679 4090; x_wconf 81' lang='lat' dir='ltr'>probatts</span> <span class='ocrx_word' id='word_1_278' title='bbox 697 4038 870 4088; x_wconf 86' lang='lat' dir='ltr'>consequens</span> <span class='ocrx_word' id='word_1_279' title='bbox 890 4025 962 4088; x_wconf 88' lang='lat' dir='ltr'>erat,</span> <span class='ocrx_word' id='word_1_280' title='bbox 978 4021 1115 4074; x_wconf 84' lang='lat' dir='ltr'>formulae</span> <span class='ocrx_word' id='word_1_281' title='bbox 1136 4021 1209 4087; x_wconf 86' lang='lat' dir='ltr'>apud</span> <span class='ocrx_word' id='word_1_282' title='bbox 1236 4023 1291 4074; x_wconf 85' lang='lat' dir='ltr'>PP.</span> <span class='ocrx_word' id='word_1_283' title='bbox 1318 4039 1361 4077; x_wconf 87' lang='lat' dir='ltr'>oc·</span> 
     </span>
     <span class='ocr_line' id='line_1_36' title="bbox 194 4110 1376 4178; baseline 0 -12"><span class='ocrx_word' id='word_1_284' title='bbox 194 4111 353 4166; x_wconf 83' lang='lat' dir='ltr'>cideutales</span> <span class='ocrx_word' id='word_1_285' title='bbox 372 4112 573 4178; x_wconf 75' lang='lat' dir='ltr'>frequentiori,</span> <span class='ocrx_word' id='word_1_286' title='bbox 589 4113 709 4178; x_wconf 75' lang='lat' dir='ltr'>Spiritus</span> <span class='ocrx_word' id='word_1_287' title='bbox 722 4112 851 4177; x_wconf 79' lang='lat' dir='ltr'>procedit</span> <span class='ocrx_word' id='word_1_288' title='bbox 871 4129 887 4161; x_wconf 90' lang='lat' dir='ltr'>c</span> <span class='ocrx_word' id='word_1_289' title='bbox 906 4111 991 4161; x_wconf 79' lang='lat' dir='ltr'>Patre</span> <span class='ocrx_word' id='word_1_290' title='bbox 1010 4118 1034 4160; x_wconf 84' lang='lat' dir='ltr'>et</span> <span class='ocrx_word' id='word_1_291' title='bbox 1052 4110 1142 4174; x_wconf 78' lang='lat' dir='ltr'>Filio,</span> <span class='ocrx_word' id='word_1_292' title='bbox 1159 4127 1242 4177; x_wconf 87' lang='lat' dir='ltr'>quam</span> <span class='ocrx_word' id='word_1_293' title='bbox 1262 4113 1376 4166; x_wconf 81' lang='lat' dir='ltr'>Pontl·‘</span> 
     </span>
     <span class='ocr_line' id='line_1_37' title="bbox 195 4202 1360 4271; baseline -0.001 -14"><span class='ocrx_word' id='word_1_294' title='bbox 195 4203 243 4257; x_wconf 82' lang='lat' dir='ltr'>lex</span> <span class='ocrx_word' id='word_1_295' title='bbox 262 4218 331 4256; x_wconf 77' lang='lat' dir='ltr'>sanc</span> <span class='ocrx_word' id='word_1_296' title='bbox 348 4208 439 4256; x_wconf 84' lang='lat' dir='ltr'>ratam</span> <span class='ocrx_word' id='word_1_297' title='bbox 457 4204 545 4257; x_wconf 85' lang='lat' dir='ltr'>habet</span> <span class='ocrx_word' id='word_1_298' title='bbox 563 4209 596 4257; x_wconf 89' lang='lat' dir='ltr'>ut</span> <span class='ocrx_word' id='word_1_299' title='bbox 615 4204 770 4257; x_wconf 88' lang='lat' dir='ltr'>catholicae</span> <span class='ocrx_word' id='word_1_300' title='bbox 789 4202 855 4254; x_wconf 84' lang='lat' dir='ltr'>fidei</span> <span class='ocrx_word' id='word_1_301' title='bbox 875 4203 1094 4269; x_wconf 84' lang='lat' dir='ltr'>expressionem,</span> <span class='ocrx_word' id='word_1_302' title='bbox 1123 4204 1236 4255; x_wconf 81' lang='lat' dir='ltr'>omnino</span> <span class='ocrx_word' id='word_1_303' title='bbox 1263 4205 1360 4271; x_wconf 84' lang='lat' dir='ltr'>aequi-</span> 
     </span>
     <span class='ocr_line' id='line_1_38' title="bbox 195 4291 1361 4364; baseline -0.003 -16"><span class='ocrx_word' id='word_1_304' title='bbox 195 4294 350 4364; x_wconf 83' lang='lat' dir='ltr'>pollentem</span> <span class='ocrx_word' id='word_1_305' title='bbox 370 4309 431 4346; x_wconf 86' lang='lat' dir='ltr'>esse</span> <span class='ocrx_word' id='word_1_306' title='bbox 450 4293 570 4347; x_wconf 87' lang='lat' dir='ltr'>alteram</span> <span class='ocrx_word' id='word_1_307' title='bbox 590 4294 781 4359; x_wconf 88' lang='lat' dir='ltr'>orientalium,</span> <span class='ocrx_word' id='word_1_308' title='bbox 796 4291 918 4358; x_wconf 77' lang='lat' dir='ltr'>Spiritus</span> <span class='ocrx_word' id='word_1_309' title='bbox 932 4292 1061 4357; x_wconf 82' lang='lat' dir='ltr'>procedit</span> <span class='ocrx_word' id='word_1_310' title='bbox 1080 4310 1097 4342; x_wconf 88' lang='lat' dir='ltr'>c</span> <span class='ocrx_word' id='word_1_311' title='bbox 1124 4293 1209 4342; x_wconf 84' lang='lat' dir='ltr'>Patre</span> <span class='ocrx_word' id='word_1_312' title='bbox 1231 4308 1283 4358; x_wconf 83' lang='lat' dir='ltr'>per</span> <span class='ocrx_word' id='word_1_313' title='bbox 1310 4295 1361 4346; x_wconf 76' lang='lat' dir='ltr'>Fi·</span> 
     </span>
     <span class='ocr_line' id='line_1_39' title="bbox 196 4379 1359 4455; baseline -0.001 -17"><span class='ocrx_word' id='word_1_314' title='bbox 196 4386 274 4450; x_wconf 76' lang='lat' dir='ltr'>tiam,</span> <span class='ocrx_word' id='word_1_315' title='bbox 289 4383 323 4445; x_wconf 86' lang='lat' dir='ltr'>dc</span> <span class='ocrx_word' id='word_1_316' title='bbox 334 4383 413 4436; x_wconf 81' lang='lat' dir='ltr'>cuius</span> <span class='ocrx_word' id='word_1_317' title='bbox 429 4384 525 4436; x_wconf 84' lang='lat' dir='ltr'>valore</span> <span class='ocrx_word' id='word_1_318' title='bbox 539 4383 656 4437; x_wconf 72' lang='lat' dir='ltr'>Carolus</span> <span class='ocrx_word' id='word_1_319' title='bbox 672 4383 860 4450; x_wconf 83' lang='lat' dir='ltr'>suspicionem</span> <span class='ocrx_word' id='word_1_320' title='bbox 875 4387 1040 4449; x_wconf 87' lang='lat' dir='ltr'>conceperat</span> <span class='ocrx_word' id='word_1_321' title='bbox 1051 4379 1130 4454; x_wconf 84' lang='lat' dir='ltr'>(vide</span> <span class='ocrx_word' id='word_1_322' title='bbox 1143 4383 1195 4435; x_wconf 80' lang='lat' dir='ltr'>ul.</span> <span class='ocrx_word' id='word_1_323' title='bbox 1211 4381 1359 4455; x_wconf 81' lang='lat' dir='ltr'>XXXVI.)</span> 
     </span>
    </p>
   </div>
   <div class='ocr_carea' id='block_1_7' title="bbox 0 0 1564 4988">
    <p class='ocr_par' dir='ltr' id='par_1_9' title="bbox 0 0 1564 4988">
     <span class='ocr_line' id='line_1_40' title="bbox 0 0 1564 4988; baseline 0 0"><span class='ocrx_word' id='word_1_324' title='bbox 0 0 1564 4988; x_wconf 95' lang='lat' dir='ltr'> </span> 
     </span>
    </p>
   </div>
  </div>
 </body>
</html>
