3120 4988
693 255 730 288 .·.
751 241 807 304 221
831 279 868 292 -

189 347 336 417 roether
359 349 396 416 in
422 347 539 417 Photii
555 349 815 438 mystagogiam
832 350 1079 419 Animadvers.
1096 359 1128 434 §-
1143 352 1192 422 11.
1209 344 1292 423 nota¹
1309 354 1364 444 103

191 456 375 525 Laemmer
403 456 618 544 Scriptorum
639 481 758 546 graec.
784 458 878 528 Bibl.
908 460 1036 527 selecta
1064 462 1106 529 Τ.
1124 461 1154 530 Ι.
1182 488 1216 552 p.
1242 464 1364 554 81-863

192 562 320 632 Hefele
343 563 438 628 Hist.
458 562 643 632 ConcilT.
657 564 783 652 VILp.
796 562 872 630 699.
891 564 1070 647 roaolt).
1096 565 1169 633 Imo
1192 566 1368 638 Macarius
1485 635 1489 647 ,

193 672 272 760 ipse
296 678 466 760 quantum
491 670 556 738 hac
580 678 656 738 arte
688 671 829 754 valeat,
856 670 893 738 in
924 673 1166 760 superioribus
1189 675 1366 762 vidimus,

195 801 274 845 cum
293 784 411 847 textus
427 778 584 844 omnibus
601 777 802 844 notissimos
817 786 852 847 et
867 778 1083 863 manifestos,
1103 781 1254 850 confisus
1270 783 1370 871 igno-

196 885 315 951 rantia
338 884 508 951 lectorum
533 892 568 951 et
591 885 719 952 ductus
742 886 895 975 exemplo
912 887 1080 954 maiorum
1097 911 1251 973 suorum,
1270 896 1369 959 trun-

199 1016 295 1061 cassc
319 1016 359 1060 ec
383 992 593 1081 pervertisse
618 1016 685 1058 non
700 992 806 1060 semel
822 993 1057 1082 deprehensus
1082 1002 1148 1063 est.
1166 997 1198 1066 N
1203 1020 1269 1067 unc
1286 1022 1368 1069 vero

199 1123 262 1191 pro
287 1097 533 1167 confirmandis
557 1099 631 1168 suis
655 1100 960 1170 criminationibus
984 1076 1138 1191 appellat
1153 1104 1196 1172 ad
1213 1105 1369 1175 homines

199 1211 367 1280 catholici
399 1209 566 1276 nominis,
583 1207 853 1278 calumniatores
884 1211 1140 1280 infensissimos
1169 1236 1276 1306 eoque
1299 1216 1369 1285 sihi

200 1320 389 1402 chariores,
409 1327 547 1406 praeter
571 1319 776 1386 monachum
805 1318 1064 1388 schismaticum
1091 1319 1369 1393 Zoernilrawium

200 1427 342 1518 eiusque
357 1413 624 1513 ,compilatorem
640 1425 898 1516 Prokopowicz,
917 1428 961 1495 ud
977 1427 1217 1498 Protestantes
1233 1431 1372 1502 scilicet

200 1535 426 1632 Francisoum
450 1533 604 1615 Iunium,
629 1534 810 1603 Danielem
833 1534 1020 1620 Francum,
1038 1537 1282 1627 Loescherum,
1308 1541 1369 1613 Ga·

199 1667 314 1725 veum,
336 1641 380 1709 ad
404 1649 598 1730 apostatam
615 1641 802 1726 Oudinum,
829 1667 914 1733 quos
931 1645 974 1712 ad
991 1646 1110 1716 fucum
1127 1647 1369 1736 speciosiorem

200 1751 391 1820 seruditos
415 1749 677 1819 occidentales»
704 1750 869 1820 celebrat.

265 1859 391 1928 Omnia
414 1867 530 1928 autem
556 1881 645 1949 quae
668 1859 815 1949 profert,
835 1859 891 1928 vel
909 1860 1085 1949 pertinent
1108 1861 1153 1930 ad
1176 1868 1297 1932 textus
1313 1884 1370 1953 ga·

198 1969 329 2038 nuinos
355 1966 601 2057 pervertendos
624 1974 660 2035 et
683 1967 904 2056 abnegandus
927 1989 968 2036 aa
990 1967 1065 2036 sola
1087 1969 1247 2053 ratione,
1280 1972 1370 2063 quod

197 2102 294 2162 unus
318 2078 454 2146 alterve
478 2076 583 2145 codex
608 2074 713 2143 aliam
736 2074 841 2143 habet
868 2073 1071 2159 lectionem,
1106 2075 1162 2143 vel
1188 2077 1370 2146 maximam

193 2195 337 2280 partem
360 2208 400 2254 eo
423 2186 561 2254 tandem
577 2193 798 2268 revocantur,
817 2183 908 2274 quod
925 2204 1029 2271 opera
1044 2183 1213 2276 quaedam
1230 2191 1372 2255 exstant

192 2301 346 2366 uetusta
371 2293 521 2385 quidem,
548 2292 650 2360 falsis
674 2298 788 2360 tamen
813 2290 1013 2359 nominibus
1036 2292 1183 2361 Patrum
1212 2293 1294 2362 olim
1319 2295 1371 2363 in·
1416 2377 1417 2381 Ἰ

193 2405 348 2493 scripta,
364 2403 429 2470 suh
445 2400 572 2494 quibus
587 2409 723 2468 veteres
739 2398 895 2488 theologi
913 2419 952 2465 ea
967 2399 1080 2467 citare
1105 2411 1370 2472 consueverant.
1399 2385 1407 2396 ⁴

191 2512 318 2603 Ipsam
346 2533 427 2587 vcro
452 2509 605 2599 genuina
629 2529 733 2598 opera
756 2529 777 2574 a
800 2507 1039 2597 supposititiis
1056 2507 1301 2598 distinguendi
1317 2533 1372 2581 ar·

190 2628 270 2690 tem
302 2619 461 2688 criticam
493 2624 587 2685 certe
618 2614 786 2685 catholici
810 2637 877 2683 non
900 2637 922 2682 a
946 2614 1132 2685 Graeculis
1154 2625 1220 2685 aut
1245 2617 1372 2688 Russis

195 2727 416 2797 didicerunt.
442 2726 550 2793 Porro
574 2725 605 2792 si
629 2723 908 2791 testimoniorum
927 2725 1158 2814 genuinorum
1175 2725 1300 2814 ingens
1316 2750 1372 2797 co-

194 2836 261 2926 pia
285 2832 531 2902 dissimuletur
555 2835 618 2898 aut
642 2851 682 2897 ex
708 2831 758 2899 eis
793 2836 913 2899 textus
942 2830 1096 2898 uitentur
1126 2832 1295 2917 truncati,
1330 2853 1370 2903 ae

200 2942 327 3012 deinde
358 2940 592 3010 conclamatur
617 2939 658 3007 de
682 2939 866 3007 fraudibus
891 2938 1067 3028 patratis,
1094 2938 1176 3030 quia
1199 2939 1289 3008 idem
1314 2941 1371 3010 do-

204 3074 284 3142 gma
317 3051 423 3119 etiam
450 3048 487 3116 in
520 3048 681 3138 operibus
713 3045 952 3137 supposititiis
984 3070 1091 3139 aeque
1115 3069 1155 3117 ac
1179 3048 1216 3114 in
1246 3050 1368 3137 genui·

204 3161 261 3229 nis
284 3158 460 3249 reperitur
485 3178 706 3248 expressum,
733 3156 799 3232 hac
822 3177 886 3223 sua
909 3153 1070 3222 methodo
1099 3154 1275 3224 Macarius
1306 3149 1374 3224 non

205 3269 306 3342 modo,
328 3266 453 3355 dogma
475 3265 518 3334 ds
542 3265 757 3354 processione
781 3263 940 3353 Spiritus
957 3264 1078 3332 Sancti
1094 3284 1116 3328 a
1133 3264 1237 3332 Patre
1256 3272 1293 3332 et
1316 3264 1376 3333 ri-

206 3378 266 3463 lio,
294 3377 353 3445 sed
384 3382 493 3443 totam
518 3373 624 3442 fidem
650 3371 879 3441 christianam
912 3369 1172 3439 contribulibus
1203 3372 1277 3439 suis
1307 3371 1374 3440 eri·

207 3489 289 3577 piet.
310 3481 550 3554 Nihilominus
566 3480 793 3569 inspiciamus
811 3478 1023 3569 singillatim
1041 3480 1269 3571 corruptelas,
1286 3504 1374 3573 quae

212 3594 365 3664 «fraude
388 3590 626 3660 Latinorum»
653 3587 817 3675 inductae
840 3611 914 3656 esse
937 3589 1118 3658 dicuntur.

269 3703 303 3771 2ο
321 3701 537 3770 Testimonia
553 3720 641 3789 quac
656 3703 712 3785 (ut
727 3698 795 3784 ait)
811 3696 902 3766 falso
919 3697 1167 3766 attribuuntur
1191 3698 1373 3782 Patribus,

208 3811 333 3880 recitat
356 3809 552 3900 sequentia.

270 3923 306 4006 u)
330 3913 458 4008 Legati
476 3940 497 3984 a
514 3915 667 3984 Concilio
682 3914 961 4006 Aquisgranensi
978 3914 1022 3982 ad
1038 3914 1184 3983 Leonem
1198 3911 1267 3982 ΙΙΙ.
1286 3910 1373 3982 Pon-

212 4027 334 4096 tificem
360 4022 457 4094 missi
475 4022 576 4093 velut
592 4021 798 4111 Hieronymi
817 4023 922 4090 verba
938 4046 979 4091 ex
1007 4051 1022 4087 u
1037 4020 1266 4112 Expositione
1283 4048 1375 4113 sym·

217 4132 308 4209 holin
333 4133 421 4207 haec
451 4134 670 4217 referebant,
697 4154 783 4223 quae
807 4130 952 4223 (inquit)
974 4131 1105 4198 nullibi
1128 4131 1373 4221 reperiuntur:

223 4242 403 4333 «Spiritus
435 4244 495 4336 qui
518 4266 540 4310 a
561 4243 666 4310 Patre
690 4249 726 4311 st
754 4241 848 4309 Filio
879 4242 1058 4331 procedit,
1092 4241 1193 4310 Patri
1214 4239 1378 4330 Filioque

221 4359 413 4422 coaeternus
436 4358 472 4421 ct
495 4374 556 4442 per
580 4351 694 4420 omnia
717 4348 876 4442 aequalis
900 4356 999 4418 est.»
