3120 4988
698 325 736 349 -,-
757 293 796 357 sc
819 327 848 342 .-

191 397 276 466 baco
300 403 355 465 est
376 398 481 482 ratio,
500 421 562 468 cur
585 400 691 468 Pater
714 401 757 468 ab
780 399 853 468 alia
875 421 1022 489 persona
1056 399 1185 468 missus
1209 400 1246 468 in
1270 397 1366 469 Scri·

194 503 310 594 pturis
327 509 362 572 et
378 527 399 572 a
413 505 588 574 ‚Patribus
605 529 793 598 numquam
810 508 951 577 dicatur
974 531 1037 576 nec
1061 508 1131 576 dici
1148 507 1270 597 possit,
1289 506 1367 595 ipsc

191 635 274 682 vero
298 635 359 702 per
376 614 720 683 communicationem
737 617 907 685 essentiae
924 640 1001 685 cum
1026 623 1187 707 respectu
1204 618 1248 684 ad
1265 623 1368 683 extra

195 729 271 808 turp
294 721 461 806 Verbum,
480 729 555 789 tum
582 729 620 790 nt
645 744 753 790 unum
778 747 855 791 cum
890 724 985 791 Filio
1009 725 1222 814 principium
1252 745 1368 812 perso·

192 851 271 896 nam
288 828 431 896 tertiam
448 827 620 918 Spiritum
637 829 803 898 Sanctum
829 831 969 899 mittere
986 832 1168 900 verissime
1184 833 1363 899 doceatur.

191 937 283 1004 Hinc
318 935 425 1004 etiam
460 936 498 1004 in
520 936 763 1026 theophaniis,
791 939 851 1006 ubi
874 939 973 1007 modo
997 942 1102 1009 Pater
1126 941 1224 1007 modo
1246 937 1367 1005 Filius

190 1046 288 1112 modo
313 1043 471 1134 Spiritus
496 1044 647 1113 Sanctus
671 1047 848 1135 apparuit,
867 1048 1069 1118 audivimus
1093 1049 1136 1115 ab
1160 1047 1368 1136 Augustino

191 1153 274 1241 (Th.
292 1152 356 1220 VI.
383 1161 418 1220 et
440 1152 585 1238 XLII),
603 1152 735 1221 Filium
748 1155 885 1246 quidem
919 1157 1071 1240 aPatre,
1091 1156 1263 1245 Spiritum
1281 1155 1368 1222 San·

192 1267 286 1349 ctum
301 1282 322 1327 a
337 1263 443 1328 Patre
458 1268 494 1329 et
508 1260 603 1328 Filio
620 1261 762 1330 missum
783 1264 852 1332 dici
865 1278 1007 1359 propter
1016 1265 1193 1354 principii
1208 1285 1368 1328 commen-

193 1368 381 1452 dationem
397 1369 456 1437 sed
480 1369 619 1438 Patrem
636 1370 795 1462 quamvis
811 1394 873 1461 per
889 1372 1080 1440 subiectam
1097 1375 1291 1439 creaturam
1309 1391 1368 1458 ap·

192 1476 364 1568 paruerit,
382 1499 445 1546 nec
469 1476 540 1545 dici
555 1500 619 1546 nec
642 1478 714 1546 nisi
729 1480 979 1549 absurdissime
1003 1480 1137 1549 censeri
1162 1501 1261 1569 posse
1285 1477 1368 1545 mis·

199 1610 287 1671 sum,
309 1615 325 1652 u
345 1587 508 1677 quoniam
533 1587 629 1654 solus
652 1609 719 1655 non
741 1587 848 1657 habet
871 1594 1098 1658 auctorem.»

260 1693 295 1761 2⁰
319 1693 451 1763 Verum
475 1695 684 1763 sententiam
715 1695 968 1791 catholicorum
1005 1696 1270 1784 theologorum,
1298 1714 1368 1784 qua

193 1800 312 1869 missio
336 1822 501 1891 personae
526 1800 670 1869 divinae
693 1801 826 1871 dicitur
857 1789 1037 1873 includere
1072 1803 1244 1892 originem
1268 1798 1369 1868 missi

194 1931 215 1976 a
239 1908 413 1993 mittente,
431 1908 610 1977 Macarius
633 1909 785 1979 affirmat
807 1933 1004 2001 repugnare
1029 1910 1226 2001 Scripturis
1250 1918 1286 1980 ct
1309 1910 1366 1976 do-

195 2018 330 2088 ctrinae
354 2040 401 2086 ss.
420 2016 578 2086 Patrem,

252 2126 315 2195 Ex
350 2126 544 2217 Scripturis
578 2128 715 2217 profert
754 2128 994 2198 testimonium
1024 2127 1074 2195 Is.
1107 2125 1276 2195 XLVIII.
1308 2124 1363 2217 lli,

195 2233 291 2304 LXI.
313 2232 345 2321 15
363 2234 449 2303 Luc.
469 2234 533 2302 IV.
554 2233 609 2319 18,
628 2235 755 2326 quibus
778 2235 865 2304 locis
888 2236 953 2321 ait,
971 2235 1105 2305 Filium
1126 2233 1198 2303 dici
1222 2233 1366 2301 missum

193 2365 215 2411 a
239 2343 376 2432 Spiritu
402 2343 544 2427 Sancto,
564 2343 624 2433 qui
647 2365 730 2413 sane
753 2367 821 2413 non
846 2349 899 2413 est
923 2344 1133 2435 principium
1155 2341 1256 2410 Filii.
1276 2341 1368 2408 Pho·

193 2449 314 2518 tianus
338 2457 456 2517 noster
480 2448 616 2541 aliquid
640 2449 764 2518 saltem
788 2450 825 2518 in
849 2451 993 2519 confuso
1024 2448 1244 2518 inaudivisse
1269 2448 1364 2516 vide-

193 2562 255 2625 tur
278 2559 320 2625 de
343 2555 576 2646 explicatione
600 2579 722 2625 sensus
746 2558 909 2647 genuini,
940 2558 1095 2627 sedeam
1127 2556 1269 2628 minime
1294 2557 1365 2624 sin-

193 2687 268 2734 cere
292 2663 448 2754 exponit.
468 2663 527 2731 Ita
548 2663 610 2732 ille
634 2673 915 2754 argumentatur.
938 2694 954 2730 u
977 2663 1150 2735 Catholici
1176 2661 1362 2748 obiiciunt,

143 2825 148 2830 .
194 2794 216 2850 a
239 2772 377 2862 Spiritu
402 2773 531 2843 Sancto
550 2773 694 2842 missum
717 2795 792 2842 esse
814 2774 946 2842 Filium
969 2773 1106 2841 ratione
1131 2792 1214 2839 suae
1245 2770 1365 2836 huma·

194 2881 332 2966 nitatis,
352 2886 394 2951 ut
416 2883 666 2972 redemptorem
691 2882 823 2969 mundi,
853 2905 922 2950 non
945 2905 1028 2950 vero
1052 2888 1221 2972 quantum
1245 2880 1290 2948 ad
1313 2877 1367 2945 di-

193 2991 392 3060 vinitatem.
412 2992 464 3059 At
485 2990 657 3082 imprimis
681 2990 787 3060 Pater
810 2991 885 3082 ipse
908 2990 1042 3058 Filium
1077 2987 1175 3056 misit
1198 2987 1236 3055 in
1268 3009 1365 3054 mun·

195 3244 411 3300 Esdcmvalent
425 3246 458 3299 de
473 3246 544 3300 locis
557 3247 636 3315 aliis,
653 3247 702 3300 ubi
717 3266 729 3295 a
745 3247 858 3301 actions
872 3245 1040 3315 particulari
1052 3245 1083 3297 in
1097 3241 1200 3296 mundo
1219 3261 1231 3289 n
1247 3237 1366 3292 manile·

196 3340 291 3391 statur
303 3338 389 3390 Pater
399 3339 428 3388 ct
439 3337 533 3390 Filius
546 3351 570 3390 c.
585 3353 613 3402 g.
630 3338 661 3388 in
675 3322 938 3404 transfiguratione,
953 3337 1000 3388 vel
1011 3336 1107 3401 Pater,
1120 3332 1213 3385 Filius
1231 3332 1261 3382 ct
1275 3327 1366 3394 Spiri-

195 3430 243 3480 tus
253 3427 373 3481 Sanotus
385 3441 410 3480 c.
422 3442 450 3492 g.
464 3427 494 3480 iu
506 3428 647 3494 baptismo
660 3427 770 3480 christi
779 3426 902 3493 Domini,
918 3426 965 3478 vol
976 3423 1026 3477 ubi
1042 3443 1055 3470 u
1068 3422 1143 3476 actio
1155 3419 1363 3488 particularis»

197 3516 353 3572 divisionis
392 3517 548 3583 gratiarum
584 3517 727 3585 Spiritui,
763 3516 1008 3569 ministrationum
1043 3512 1138 3578 rino,
1171 3509 1366 3577 operationum

195 3603 402 3678 (ἕνεργηματων)
416 3607 499 3678 ‚Patri
518 3607 690 3661 attribuitur
710 3609 736 3662 1.
751 3605 814 3661 Gor.
838 3607 903 3658 XII.
925 3603 990 3656 4-6.
1010 3602 1046 3656 cl.
1066 3603 1140 3669 Eph.
1162 3602 1212 3654 Iv.
1227 3598 1364 3654 4-c.1m0

196 3695 227 3748 in
246 3695 321 3763 Ipsis
341 3697 473 3749 terminis
490 3696 630 3750 Macarius
651 3696 709 3753 sihi
728 3694 909 3761 contradicit,
934 3709 999 3746 nam
1017 3692 1082 3760 ipsa
1101 3691 1197 3744 activa
1215 3687 1315 3741 missio
1334 3688 1366 3740 in

197 3785 258 3838 eius
278 3789 425 3840 sententia
444 3788 520 3842 nibil
540 3791 585 3841 cst
604 3786 694 3853 aliud,
710 3802 794 3854 quam
818 3784 945 3852 operatio
974 3783 1011 3834 ad
1039 3789 1127 3833 cntra
1150 3781 1223 3845 Ergo
1252 3775 1366 3844 quotics

195 3875 283 3930 Pater
301 3875 407 3930 dicitur
426 3879 540 3931 mittero
559 3878 667 3930 Filium
687 3878 733 3930 vel
760 3876 898 3944 Spiritum
931 3874 1086 3940 Sanctum,
1113 3871 1201 3923 toties
1228 3867 1367 3928 tribuitur

197 3967 289 4022 cidem
307 3969 390 4022 Patri
406 3969 617 4038 «particularis
631 3969 707 4021 actio
721 3968 753 4020 iu
766 3965 868 4020 mundo
885 3986 909 4018 n.
923 3964 1014 4031 Unde,
1029 3962 1096 4030 quia
1109 3976 1144 4014 ex
1157 3961 1217 4013 eius
1232 3958 1365 4025 opinione

197 4060 317 4127 quaevis
337 4076 459 4128 persona
477 4066 595 4130 propter
619 4060 790 4113 attributam
820 4058 847 4112 ci
875 4057 1067 4125 operationem
1097 4055 1134 4106 od
1163 4060 1241 4104 extra
1270 4052 1366 4118 potest

197 4149 254 4204 dici
273 4151 361 4203 missa
381 4167 398 4203 a
417 4155 519 4217 quavis
537 4153 597 4204 alia
615 4163 738 4216 persona
756 4123 838 4201 bullo
857 4146 956 4200 habito
975 4148 1106 4211 respectu
1127 4142 1258 4206 originis,
1280 4139 1367 4192 Pater

196 4255 228 4292 co
247 4240 309 4306 ipso
328 4239 401 4306 quod
421 4240 514 4293 mittit
530 4240 644 4305 Filium
658 4241 688 4290 et
706 4237 845 4305 Spiritum
865 4226 1007 4301 Sanctum,
1023 4236 1059 4288 ab
1078 4232 1181 4288 iisdem
1197 4232 1284 4285 etiam
1300 4230 1366 4282 mit·

196 4329 221 4383 ti
241 4329 377 4384 dicendus
397 4331 463 4398 orit,
486 4331 559 4398 quod
578 4327 692 4398 quidem
710 4332 896 4382 commentum
916 4327 1062 4393 theologia
1080 4326 1224 4382 Pbotiaua
1250 4327 1295 4376 est
1322 4320 1365 4375 di·

196 4420 391 4488 uilissimum,
