<?xml version="1.0" encoding="UTF-8"?>
<!DOCTYPE html PUBLIC "-//W3C//DTD XHTML 1.0 Transitional//EN"
    "http://www.w3.org/TR/xhtml1/DTD/xhtml1-transitional.dtd">
<html xmlns="http://www.w3.org/1999/xhtml" xml:lang="en" lang="en">
 <head>
  <title>
</title>
<meta http-equiv="Content-Type" content="text/html;charset=utf-8" />
  <meta name='ocr-system' content='tesseract 3.04.00' />
  <meta name='ocr-capabilities' content='ocr_page ocr_carea ocr_par ocr_line ocrx_word'/>
</head>
<body>
  <div class='ocr_page' id='page_1' title='image "./ioannisbaptfran00frangoog_0043.png"; bbox 0 0 3120 4988; ppageno 0'>
   <div class='ocr_carea' id='block_1_1' title="bbox 190 300 1362 929">
    <p class='ocr_par' dir='ltr' id='par_1_1' title="bbox 190 300 1362 929">
     <span class='ocr_line' id='line_1_1' title="bbox 696 300 851 362; baseline 0.006 -16"><span class='ocrx_word' id='word_1_1' title='bbox 696 334 733 346; x_wconf 92' lang='lat'>..</span> <span class='ocrx_word' id='word_1_2' title='bbox 754 300 793 362; x_wconf 79' lang='lat'>38</span> <span class='ocrx_word' id='word_1_3' title='bbox 814 334 851 347; x_wconf 89' lang='lat'>-</span> 
     </span>
     <span class='ocr_line' id='line_1_2' title="bbox 191 404 1358 498; baseline -0.003 -23"><span class='ocrx_word' id='word_1_4' title='bbox 191 406 292 475; x_wconf 82' lang='lat' dir='ltr'>falsa</span> <span class='ocrx_word' id='word_1_5' title='bbox 308 410 401 474; x_wconf 84' lang='lat' dir='ltr'>certe</span> <span class='ocrx_word' id='word_1_6' title='bbox 424 429 493 474; x_wconf 88' lang='lat' dir='ltr'>non</span> <span class='ocrx_word' id='word_1_7' title='bbox 517 405 615 495; x_wconf 85' lang='lat' dir='ltr'>plene</span> <span class='ocrx_word' id='word_1_8' title='bbox 631 405 738 490; x_wconf 89' lang='lat' dir='ltr'>dicta,</span> <span class='ocrx_word' id='word_1_9' title='bbox 759 429 846 498; x_wconf 89' lang='lat' dir='ltr'>quac</span> <span class='ocrx_word' id='word_1_10' title='bbox 861 429 903 474; x_wconf 90' lang='lat' dir='ltr'>ex</span> <span class='ocrx_word' id='word_1_11' title='bbox 928 406 1063 494; x_wconf 88' lang='lat' dir='ltr'>magnis</span> <span class='ocrx_word' id='word_1_12' title='bbox 1079 405 1154 473; x_wconf 88' lang='lat' dir='ltr'>illis</span> <span class='ocrx_word' id='word_1_13' title='bbox 1177 404 1358 494; x_wconf 87' lang='lat' dir='ltr'>praeconi·</span> 
     </span>
     <span class='ocr_line' id='line_1_3' title="bbox 191 507 1354 603; baseline -0.003 -21"><span class='ocrx_word' id='word_1_14' title='bbox 191 516 254 582; x_wconf 83' lang='lat' dir='ltr'>bus</span> <span class='ocrx_word' id='word_1_15' title='bbox 272 515 392 582; x_wconf 87' lang='lat' dir='ltr'>Sancti</span> <span class='ocrx_word' id='word_1_16' title='bbox 409 511 566 602; x_wconf 85' lang='lat' dir='ltr'>Spiritus</span> <span class='ocrx_word' id='word_1_17' title='bbox 581 507 776 581; x_wconf 70' lang='lat' dir='ltr'><strong>Athanasio</strong></span> <span class='ocrx_word' id='word_1_18' title='bbox 795 515 846 600; x_wconf 91' lang='lat' dir='ltr'>(iu</span> <span class='ocrx_word' id='word_1_19' title='bbox 858 513 1017 603; x_wconf 90' lang='lat' dir='ltr'>epistolis</span> <span class='ocrx_word' id='word_1_20' title='bbox 1037 514 1080 581; x_wconf 91' lang='lat' dir='ltr'>ad</span> <span class='ocrx_word' id='word_1_21' title='bbox 1103 512 1354 602; x_wconf 79' lang='lat' dir='ltr'>Serapionem),</span> 
     </span>
     <span class='ocr_line' id='line_1_4' title="bbox 190 618 1358 710; baseline -0.003 -21"><span class='ocrx_word' id='word_1_22' title='bbox 190 622 325 690; x_wconf 91' lang='lat' dir='ltr'>Basilio</span> <span class='ocrx_word' id='word_1_23' title='bbox 348 621 388 709; x_wconf 91' lang='lat' dir='ltr'>(l.</span> <span class='ocrx_word' id='word_1_24' title='bbox 407 622 453 690; x_wconf 90' lang='lat' dir='ltr'>V.</span> <span class='ocrx_word' id='word_1_25' title='bbox 471 628 561 690; x_wconf 92' lang='lat' dir='ltr'>cont.</span> <span class='ocrx_word' id='word_1_26' title='bbox 581 620 742 705; x_wconf 83' lang='lat' dir='ltr'>Eunom,</span> <span class='ocrx_word' id='word_1_27' title='bbox 759 630 794 689; x_wconf 89' lang='lat' dir='ltr'>et</span> <span class='ocrx_word' id='word_1_28' title='bbox 817 619 842 690; x_wconf 92' lang='lat' dir='ltr'>l.</span> <span class='ocrx_word' id='word_1_29' title='bbox 862 622 902 689; x_wconf 92' lang='lat' dir='ltr'>de</span> <span class='ocrx_word' id='word_1_30' title='bbox 927 620 1022 710; x_wconf 89' lang='lat' dir='ltr'>Spir.</span> <span class='ocrx_word' id='word_1_31' title='bbox 1036 620 1192 705; x_wconf 91' lang='lat' dir='ltr'>Sancto),</span> <span class='ocrx_word' id='word_1_32' title='bbox 1219 618 1358 708; x_wconf 85' lang='lat' dir='ltr'>Cyrillo</span> 
     </span>
     <span class='ocr_line' id='line_1_5' title="bbox 192 728 1361 818; baseline -0.003 -21"><span class='ocrx_word' id='word_1_33' title='bbox 192 732 252 818; x_wconf 93' lang='lat' dir='ltr'>(in</span> <span class='ocrx_word' id='word_1_34' title='bbox 277 731 456 798; x_wconf 82' lang='lat' dir='ltr'><strong>Thesauro</strong></span> <span class='ocrx_word' id='word_1_35' title='bbox 479 738 515 796; x_wconf 89' lang='lat' dir='ltr'>et</span> <span class='ocrx_word' id='word_1_36' title='bbox 539 729 575 796; x_wconf 91' lang='lat' dir='ltr'>in</span> <span class='ocrx_word' id='word_1_37' title='bbox 598 728 666 796; x_wconf 83' lang='lat' dir='ltr'>Ev.</span> <span class='ocrx_word' id='word_1_38' title='bbox 686 728 854 813; x_wconf 86' lang='lat' dir='ltr'>Ioannis)</span> <span class='ocrx_word' id='word_1_39' title='bbox 879 728 935 797; x_wconf 86' lang='lat' dir='ltr'>vel</span> <span class='ocrx_word' id='word_1_40' title='bbox 960 728 1166 816; x_wconf 86' lang='lat' dir='ltr'>corrigenda</span> <span class='ocrx_word' id='word_1_41' title='bbox 1190 728 1246 797; x_wconf 87' lang='lat' dir='ltr'>vel</span> <span class='ocrx_word' id='word_1_42' title='bbox 1279 751 1361 815; x_wconf 93' lang='lat' dir='ltr'>sup·</span> 
     </span>
     <span class='ocr_line' id='line_1_6' title="bbox 190 833 1362 929; baseline -0.002 -25"><span class='ocrx_word' id='word_1_43' title='bbox 190 838 318 929; x_wconf 90' lang='lat' dir='ltr'>pleuda</span> <span class='ocrx_word' id='word_1_44' title='bbox 341 848 435 905; x_wconf 91' lang='lat' dir='ltr'>sunt.</span> <span class='ocrx_word' id='word_1_45' title='bbox 452 837 628 913; x_wconf 86' lang='lat' dir='ltr'>Postremo</span> <span class='ocrx_word' id='word_1_46' title='bbox 653 845 693 904; x_wconf 90' lang='lat' dir='ltr'>ut</span> <span class='ocrx_word' id='word_1_47' title='bbox 724 859 847 903; x_wconf 91' lang='lat' dir='ltr'>sensus</span> <span class='ocrx_word' id='word_1_48' title='bbox 872 837 908 903; x_wconf 93' lang='lat' dir='ltr'>in</span> <span class='ocrx_word' id='word_1_49' title='bbox 945 837 1019 904; x_wconf 93' lang='lat' dir='ltr'>illis</span> <span class='ocrx_word' id='word_1_50' title='bbox 1044 837 1162 903; x_wconf 90' lang='lat' dir='ltr'>verbis</span> <span class='ocrx_word' id='word_1_51' title='bbox 1196 833 1362 923; x_wconf 77' lang='lat' dir='ltr'>homiliae</span> 
     </span>
    </p>
   </div>
   <div class='ocr_carea' id='block_1_2' title="bbox 18 943 1363 1032">
    <p class='ocr_par' dir='ltr' id='par_1_2' title="bbox 18 943 1363 1032">
     <span class='ocr_line' id='line_1_7' title="bbox 18 943 1363 1032; baseline -0.007 -17"><span class='ocrx_word' id='word_1_52' title='bbox 18 969 22 982; x_wconf 88' lang='lat'><em>·</em></span> <span class='ocrx_word' id='word_1_53' title='bbox 87 990 89 995; x_wconf 83' lang='lat'><em>.</em></span> <span class='ocrx_word' id='word_1_54' title='bbox 190 945 398 1014; x_wconf 80' lang='lat' dir='ltr'>&#39;concilietur</span> <span class='ocrx_word' id='word_1_55' title='bbox 423 966 499 1012; x_wconf 92' lang='lat' dir='ltr'>cum</span> <span class='ocrx_word' id='word_1_56' title='bbox 523 943 689 1011; x_wconf 90' lang='lat' dir='ltr'>Patribus</span> <span class='ocrx_word' id='word_1_57' title='bbox 713 949 748 1011; x_wconf 89' lang='lat' dir='ltr'>et</span> <span class='ocrx_word' id='word_1_58' title='bbox 772 966 849 1010; x_wconf 92' lang='lat' dir='ltr'>oum</span> <span class='ocrx_word' id='word_1_59' title='bbox 873 943 951 1032; x_wconf 89' lang='lat' dir='ltr'>ipsa</span> <span class='ocrx_word' id='word_1_60' title='bbox 975 943 1171 1031; x_wconf 78' lang='lat' dir='ltr'>Scriptura,</span> <span class='ocrx_word' id='word_1_61' title='bbox 1203 948 1363 1009; x_wconf 88' lang='lat' dir='ltr'>statuen-</span> 
     </span>
    </p>
   </div>
   <div class='ocr_carea' id='block_1_3' title="bbox 191 1049 1384 4477">
    <p class='ocr_par' dir='ltr' id='par_1_3' title="bbox 191 1049 1363 2309">
     <span class='ocr_line' id='line_1_8' title="bbox 192 1049 1363 1139; baseline -0.005 -21"><span class='ocrx_word' id='word_1_62' title='bbox 192 1051 273 1119; x_wconf 90' lang='lat' dir='ltr'>dum</span> <span class='ocrx_word' id='word_1_63' title='bbox 298 1060 363 1135; x_wconf 88' lang='lat' dir='ltr'>est,</span> <span class='ocrx_word' id='word_1_64' title='bbox 390 1059 565 1119; x_wconf 81' lang='lat' dir='ltr'>auctorem</span> <span class='ocrx_word' id='word_1_65' title='bbox 589 1073 657 1115; x_wconf 78' lang='lat' dir='ltr'>aon</span> <span class='ocrx_word' id='word_1_66' title='bbox 689 1051 825 1139; x_wconf 81' lang='lat' dir='ltr'>plenam</span> <span class='ocrx_word' id='word_1_67' title='bbox 849 1049 1153 1115; x_wconf 70' lang='lat' dir='ltr'>consideratiorem</span> <span class='ocrx_word' id='word_1_68' title='bbox 1187 1049 1363 1113; x_wconf 70' lang='lat' dir='ltr'>missionis</span> 
     </span>
     <span class='ocr_line' id='line_1_9' title="bbox 191 1142 1363 1248; baseline -0.002 -22"><span class='ocrx_word' id='word_1_69' title='bbox 191 1142 416 1248; x_wconf 73' lang='lat' dir='ltr'>personarum</span> <span class='ocrx_word' id='word_1_70' title='bbox 441 1159 654 1240; x_wconf 88' lang='lat' dir='ltr'>divinarum,</span> <span class='ocrx_word' id='word_1_71' title='bbox 683 1159 741 1226; x_wconf 89' lang='lat' dir='ltr'>sed</span> <span class='ocrx_word' id='word_1_72' title='bbox 766 1158 1037 1226; x_wconf 85' lang='lat' dir='ltr'>confutationem</span> <span class='ocrx_word' id='word_1_73' title='bbox 1075 1159 1257 1225; x_wconf 80' lang='lat' dir='ltr'>dumtaxat</span> <span class='ocrx_word' id='word_1_74' title='bbox 1281 1156 1363 1224; x_wconf 87' lang='lat' dir='ltr'>hae·</span> 
     </span>
     <span class='ocr_line' id='line_1_10' title="bbox 191 1248 1362 1356; baseline -0.003 -19"><span class='ocrx_word' id='word_1_75' title='bbox 191 1269 279 1338; x_wconf 80' lang='lat' dir='ltr'>resia</span> <span class='ocrx_word' id='word_1_76' title='bbox 308 1268 464 1334; x_wconf 88' lang='lat' dir='ltr'>Arianae</span> <span class='ocrx_word' id='word_1_77' title='bbox 481 1267 691 1356; x_wconf 87' lang='lat' dir='ltr'>propositam</span> <span class='ocrx_word' id='word_1_78' title='bbox 710 1265 885 1353; x_wconf 88' lang='lat' dir='ltr'>habuisse;</span> <span class='ocrx_word' id='word_1_79' title='bbox 906 1276 1011 1356; x_wconf 88' lang='lat' dir='ltr'>atque</span> <span class='ocrx_word' id='word_1_80' title='bbox 1034 1267 1110 1334; x_wconf 92' lang='lat' dir='ltr'>ideo</span> <span class='ocrx_word' id='word_1_81' title='bbox 1133 1248 1362 1356; x_wconf 77' lang='lat' dir='ltr'>assumpsisse</span> 
     </span>
     <span class='ocr_line' id='line_1_11' title="bbox 191 1374 1358 1466; baseline -0.002 -23"><span class='ocrx_word' id='word_1_82' title='bbox 191 1376 409 1466; x_wconf 85' lang='lat' dir='ltr'>pinguiorem</span> <span class='ocrx_word' id='word_1_83' title='bbox 433 1376 531 1443; x_wconf 91' lang='lat' dir='ltr'>illam</span> <span class='ocrx_word' id='word_1_84' title='bbox 548 1376 721 1442; x_wconf 86' lang='lat' dir='ltr'>notionem</span> <span class='ocrx_word' id='word_1_85' title='bbox 739 1375 914 1442; x_wconf 87' lang='lat' dir='ltr'>missionis</span> <span class='ocrx_word' id='word_1_86' title='bbox 931 1377 974 1441; x_wconf 89' lang='lat' dir='ltr'>ab</span> <span class='ocrx_word' id='word_1_87' title='bbox 997 1374 1143 1442; x_wconf 90' lang='lat' dir='ltr'>Arianis</span> <span class='ocrx_word' id='word_1_88' title='bbox 1167 1376 1358 1459; x_wconf 87' lang='lat' dir='ltr'>invectam,</span> 
     </span>
     <span class='ocr_line' id='line_1_12' title="bbox 192 1481 1360 1575; baseline -0.003 -24"><span class='ocrx_word' id='word_1_89' title='bbox 192 1485 307 1575; x_wconf 90' lang='lat' dir='ltr'>qualis</span> <span class='ocrx_word' id='word_1_90' title='bbox 332 1484 367 1551; x_wconf 93' lang='lat' dir='ltr'>in</span> <span class='ocrx_word' id='word_1_91' title='bbox 392 1483 556 1551; x_wconf 85' lang='lat' dir='ltr'>humanis</span> <span class='ocrx_word' id='word_1_92' title='bbox 579 1492 645 1568; x_wconf 89' lang='lat' dir='ltr'>est,</span> <span class='ocrx_word' id='word_1_93' title='bbox 665 1483 844 1552; x_wconf 90' lang='lat' dir='ltr'>continens</span> <span class='ocrx_word' id='word_1_94' title='bbox 869 1483 1058 1551; x_wconf 86' lang='lat' dir='ltr'>transitum</span> <span class='ocrx_word' id='word_1_95' title='bbox 1091 1483 1135 1549; x_wconf 90' lang='lat' dir='ltr'>ad</span> <span class='ocrx_word' id='word_1_96' title='bbox 1160 1481 1294 1567; x_wconf 94' lang='lat' dir='ltr'>locum,</span> <span class='ocrx_word' id='word_1_97' title='bbox 1322 1483 1360 1550; x_wconf 91' lang='lat' dir='ltr'>in</span> 
     </span>
     <span class='ocr_line' id='line_1_13' title="bbox 193 1589 1362 1682; baseline 0 -25"><span class='ocrx_word' id='word_1_98' title='bbox 193 1613 258 1682; x_wconf 91' lang='lat' dir='ltr'>quo</span> <span class='ocrx_word' id='word_1_99' title='bbox 283 1590 409 1659; x_wconf 89' lang='lat' dir='ltr'>missus</span> <span class='ocrx_word' id='word_1_100' title='bbox 434 1592 533 1682; x_wconf 91' lang='lat' dir='ltr'>prius</span> <span class='ocrx_word' id='word_1_101' title='bbox 557 1615 626 1659; x_wconf 86' lang='lat' dir='ltr'>nou</span> <span class='ocrx_word' id='word_1_102' title='bbox 649 1600 737 1675; x_wconf 89' lang='lat' dir='ltr'>erat,</span> <span class='ocrx_word' id='word_1_103' title='bbox 757 1592 825 1659; x_wconf 92' lang='lat' dir='ltr'>imo</span> <span class='ocrx_word' id='word_1_104' title='bbox 848 1591 952 1660; x_wconf 89' lang='lat' dir='ltr'>etiam</span> <span class='ocrx_word' id='word_1_105' title='bbox 983 1590 1237 1680; x_wconf 85' lang='lat' dir='ltr'>separationem</span> <span class='ocrx_word' id='word_1_106' title='bbox 1262 1589 1362 1657; x_wconf 92' lang='lat' dir='ltr'>missi</span> 
     </span>
     <span class='ocr_line' id='line_1_14' title="bbox 193 1698 1362 1786; baseline 0 -21"><span class='ocrx_word' id='word_1_107' title='bbox 193 1720 214 1765; x_wconf 94' lang='lat' dir='ltr'>a</span> <span class='ocrx_word' id='word_1_108' title='bbox 239 1700 414 1769; x_wconf 88' lang='lat' dir='ltr'>mittente.</span> <span class='ocrx_word' id='word_1_109' title='bbox 432 1701 640 1768; x_wconf 82' lang='lat' dir='ltr'>Huiusmodi</span> <span class='ocrx_word' id='word_1_110' title='bbox 664 1708 778 1769; x_wconf 87' lang='lat' dir='ltr'>autem</span> <span class='ocrx_word' id='word_1_111' title='bbox 803 1700 1032 1768; x_wconf 90' lang='lat' dir='ltr'>limitationes</span> <span class='ocrx_word' id='word_1_112' title='bbox 1062 1707 1097 1767; x_wconf 88' lang='lat' dir='ltr'>et</span> <span class='ocrx_word' id='word_1_113' title='bbox 1128 1698 1362 1786; x_wconf 87' lang='lat' dir='ltr'>imperfectio·</span> 
     </span>
     <span class='ocr_line' id='line_1_15' title="bbox 194 1805 1359 1914; baseline -0.002 -40"><span class='ocrx_word' id='word_1_114' title='bbox 194 1829 255 1874; x_wconf 89' lang='lat' dir='ltr'>nes</span> <span class='ocrx_word' id='word_1_115' title='bbox 279 1807 321 1914; x_wconf 64' lang='lat' dir='ltr'>dp</span> <span class='ocrx_word' id='word_1_116' title='bbox 344 1809 527 1877; x_wconf 86' lang='lat' dir='ltr'>effectibus</span> <span class='ocrx_word' id='word_1_117' title='bbox 551 1807 596 1874; x_wconf 84' lang='lat' dir='ltr'>ad</span> <span class='ocrx_word' id='word_1_118' title='bbox 631 1825 730 1874; x_wconf 76' lang='lat' dir='ltr'>extra</span> <span class='ocrx_word' id='word_1_119' title='bbox 754 1810 938 1876; x_wconf 85' lang='lat' dir='ltr'>dumtaxat</span> <span class='ocrx_word' id='word_1_120' title='bbox 971 1808 1071 1875; x_wconf 88' lang='lat' dir='ltr'>etde</span> <span class='ocrx_word' id='word_1_121' title='bbox 1096 1807 1195 1874; x_wconf 88' lang='lat' dir='ltr'>donis</span> <span class='ocrx_word' id='word_1_122' title='bbox 1215 1805 1359 1888; x_wconf 85' lang='lat' dir='ltr'>creatis,</span> 
     </span>
     <span class='ocr_line' id='line_1_16' title="bbox 194 1914 1361 2007; baseline -0.003 -25"><span class='ocrx_word' id='word_1_123' title='bbox 194 1939 261 1983; x_wconf 94' lang='lat' dir='ltr'>non</span> <span class='ocrx_word' id='word_1_124' title='bbox 286 1916 328 1984; x_wconf 89' lang='lat' dir='ltr'>de</span> <span class='ocrx_word' id='word_1_125' title='bbox 352 1917 475 1985; x_wconf 89' lang='lat' dir='ltr'>divina</span> <span class='ocrx_word' id='word_1_126' title='bbox 490 1917 575 2007; x_wconf 86' lang='lat' dir='ltr'>ipsa</span> <span class='ocrx_word' id='word_1_127' title='bbox 598 1939 743 2006; x_wconf 88' lang='lat' dir='ltr'>persona</span> <span class='ocrx_word' id='word_1_128' title='bbox 766 1916 931 1987; x_wconf 88' lang='lat' dir='ltr'>affirmari</span> <span class='ocrx_word' id='word_1_129' title='bbox 956 1922 1120 2005; x_wconf 74' lang='lat' dir='ltr'>possunt,</span> <span class='ocrx_word' id='word_1_130' title='bbox 1146 1923 1251 2004; x_wconf 89' lang='lat' dir='ltr'>atque</span> <span class='ocrx_word' id='word_1_131' title='bbox 1276 1914 1361 1980; x_wconf 89' lang='lat' dir='ltr'>adeo</span> 
     </span>
     <span class='ocr_line' id='line_1_17' title="bbox 195 2024 1358 2114; baseline -0.003 -23"><span class='ocrx_word' id='word_1_132' title='bbox 195 2024 376 2113; x_wconf 87' lang='lat' dir='ltr'>supposita</span> <span class='ocrx_word' id='word_1_133' title='bbox 400 2026 469 2091; x_wconf 82' lang='lat' dir='ltr'>tati</span> <span class='ocrx_word' id='word_1_134' title='bbox 491 2027 650 2091; x_wconf 80' lang='lat' dir='ltr'>missione</span> <span class='ocrx_word' id='word_1_135' title='bbox 673 2025 845 2093; x_wconf 81' lang='lat' dir='ltr'>creaturis</span> <span class='ocrx_word' id='word_1_136' title='bbox 868 2025 1023 2114; x_wconf 89' lang='lat' dir='ltr'>propria,</span> <span class='ocrx_word' id='word_1_137' title='bbox 1041 2031 1076 2092; x_wconf 92' lang='lat' dir='ltr'>et</span> <span class='ocrx_word' id='word_1_138' title='bbox 1100 2025 1358 2092; x_wconf 87' lang='lat' dir='ltr'>demonstrante</span> 
     </span>
     <span class='ocr_line' id='line_1_18' title="bbox 196 2130 1360 2221; baseline 0 -24"><span class='ocrx_word' id='word_1_139' title='bbox 196 2131 339 2200; x_wconf 90' lang='lat' dir='ltr'>missum</span> <span class='ocrx_word' id='word_1_140' title='bbox 364 2133 528 2200; x_wconf 89' lang='lat' dir='ltr'>minorem</span> <span class='ocrx_word' id='word_1_141' title='bbox 554 2132 727 2216; x_wconf 82' lang='lat' dir='ltr'>mittente,</span> <span class='ocrx_word' id='word_1_142' title='bbox 755 2153 836 2200; x_wconf 89' lang='lat' dir='ltr'>sane</span> <span class='ocrx_word' id='word_1_143' title='bbox 859 2133 1056 2220; x_wconf 88' lang='lat' dir='ltr'>negandum</span> <span class='ocrx_word' id='word_1_144' title='bbox 1086 2137 1164 2200; x_wconf 89' lang='lat' dir='ltr'>erat</span> <span class='ocrx_word' id='word_1_145' title='bbox 1187 2130 1360 2221; x_wconf 90' lang='lat' dir='ltr'>Spiritum</span> 
     </span>
     <span class='ocr_line' id='line_1_19' title="bbox 194 2237 1001 2309; baseline 0.004 -3"><span class='ocrx_word' id='word_1_146' title='bbox 194 2237 361 2308; x_wconf 90' lang='lat' dir='ltr'>Sanctum</span> <span class='ocrx_word' id='word_1_147' title='bbox 385 2263 486 2308; x_wconf 89' lang='lat' dir='ltr'>seusu</span> <span class='ocrx_word' id='word_1_148' title='bbox 511 2238 575 2308; x_wconf 90' lang='lat' dir='ltr'>hoo</span> <span class='ocrx_word' id='word_1_149' title='bbox 598 2240 731 2306; x_wconf 90' lang='lat' dir='ltr'>Ariano</span> <span class='ocrx_word' id='word_1_150' title='bbox 747 2261 820 2308; x_wconf 88' lang='lat' dir='ltr'>esse</span> <span class='ocrx_word' id='word_1_151' title='bbox 845 2241 1001 2309; x_wconf 86' lang='lat' dir='ltr'>missum.</span> 
     </span>
    </p>

    <p class='ocr_par' dir='ltr' id='par_1_4' title="bbox 192 2347 1384 4477">
     <span class='ocr_line' id='line_1_20' title="bbox 260 2347 1359 2437; baseline -0.002 -22"><span class='ocrx_word' id='word_1_152' title='bbox 260 2347 419 2417; x_wconf 85' lang='lat' dir='ltr'>Ceterum</span> <span class='ocrx_word' id='word_1_153' title='bbox 444 2347 528 2416; x_wconf 88' lang='lat' dir='ltr'>haec</span> <span class='ocrx_word' id='word_1_154' title='bbox 552 2349 706 2416; x_wconf 88' lang='lat' dir='ltr'>auctoris</span> <span class='ocrx_word' id='word_1_155' title='bbox 742 2349 848 2417; x_wconf 90' lang='lat' dir='ltr'>istius</span> <span class='ocrx_word' id='word_1_156' title='bbox 871 2348 1049 2437; x_wconf 88' lang='lat' dir='ltr'>responsio</span> <span class='ocrx_word' id='word_1_157' title='bbox 1082 2348 1173 2415; x_wconf 88' lang='lat' dir='ltr'>forte</span> <span class='ocrx_word' id='word_1_158' title='bbox 1204 2347 1359 2414; x_wconf 86' lang='lat' dir='ltr'>sufficere</span> 
     </span>
     <span class='ocr_line' id='line_1_21' title="bbox 194 2453 1358 2546; baseline -0.003 -22"><span class='ocrx_word' id='word_1_159' title='bbox 194 2463 342 2546; x_wconf 87' lang='lat' dir='ltr'>poterat,</span> <span class='ocrx_word' id='word_1_160' title='bbox 362 2465 402 2524; x_wconf 91' lang='lat' dir='ltr'>ut</span> <span class='ocrx_word' id='word_1_161' title='bbox 425 2456 678 2525; x_wconf 86' lang='lat' dir='ltr'>haereticorum</span> <span class='ocrx_word' id='word_1_162' title='bbox 704 2457 850 2524; x_wconf 90' lang='lat' dir='ltr'>obiectio</span> <span class='ocrx_word' id='word_1_163' title='bbox 874 2464 1006 2524; x_wconf 87' lang='lat' dir='ltr'>contra</span> <span class='ocrx_word' id='word_1_164' title='bbox 1033 2455 1255 2524; x_wconf 87' lang='lat' dir='ltr'>divinitatem</span> <span class='ocrx_word' id='word_1_165' title='bbox 1282 2453 1358 2543; x_wconf 92' lang='lat' dir='ltr'>Spi-</span> 
     </span>
     <span class='ocr_line' id='line_1_22' title="bbox 194 2563 1359 2654; baseline -0.002 -22"><span class='ocrx_word' id='word_1_166' title='bbox 194 2565 285 2632; x_wconf 88' lang='lat' dir='ltr'>ritus</span> <span class='ocrx_word' id='word_1_167' title='bbox 309 2564 429 2645; x_wconf 79' lang='lat' dir='ltr'>Sancti</span> <span class='ocrx_word' id='word_1_168' title='bbox 453 2565 565 2654; x_wconf 88' lang='lat' dir='ltr'>petita</span> <span class='ocrx_word' id='word_1_169' title='bbox 588 2589 630 2633; x_wconf 88' lang='lat' dir='ltr'>ex</span> <span class='ocrx_word' id='word_1_170' title='bbox 655 2565 807 2633; x_wconf 90' lang='lat' dir='ltr'>eiusdem</span> <span class='ocrx_word' id='word_1_171' title='bbox 833 2563 990 2653; x_wconf 90' lang='lat' dir='ltr'>Spiritus</span> <span class='ocrx_word' id='word_1_172' title='bbox 1015 2565 1204 2648; x_wconf 89' lang='lat' dir='ltr'>missione,</span> <span class='ocrx_word' id='word_1_173' title='bbox 1234 2565 1278 2631; x_wconf 92' lang='lat' dir='ltr'>ad</span> <span class='ocrx_word' id='word_1_174' title='bbox 1302 2563 1359 2630; x_wconf 92' lang='lat' dir='ltr'>ho-</span> 
     </span>
     <span class='ocr_line' id='line_1_23' title="bbox 194 2668 1359 2761; baseline -0.003 -22"><span class='ocrx_word' id='word_1_175' title='bbox 194 2673 318 2740; x_wconf 93' lang='lat' dir='ltr'>minem</span> <span class='ocrx_word' id='word_1_176' title='bbox 343 2672 630 2761; x_wconf 87' lang='lat' dir='ltr'>argumentando,</span> <span class='ocrx_word' id='word_1_177' title='bbox 650 2672 858 2758; x_wconf 76' lang='lat' dir='ltr'>solveretur3</span> <span class='ocrx_word' id='word_1_178' title='bbox 878 2673 937 2741; x_wconf 88' lang='lat' dir='ltr'>sad</span> <span class='ocrx_word' id='word_1_179' title='bbox 962 2681 1054 2741; x_wconf 87' lang='lat' dir='ltr'>certe</span> <span class='ocrx_word' id='word_1_180' title='bbox 1071 2671 1285 2740; x_wconf 90' lang='lat' dir='ltr'>concedendo</span> <span class='ocrx_word' id='word_1_181' title='bbox 1303 2668 1359 2738; x_wconf 91' lang='lat' dir='ltr'>vel</span> 
     </span>
     <span class='ocr_line' id='line_1_24' title="bbox 193 2779 1360 2871; baseline -0.004 -21"><span class='ocrx_word' id='word_1_182' title='bbox 193 2781 423 2871; x_wconf 85' lang='lat' dir='ltr'>permittendo</span> <span class='ocrx_word' id='word_1_183' title='bbox 448 2781 636 2849; x_wconf 86' lang='lat' dir='ltr'>haereticis</span> <span class='ocrx_word' id='word_1_184' title='bbox 671 2781 800 2849; x_wconf 87' lang='lat' dir='ltr'>falsum</span> <span class='ocrx_word' id='word_1_185' title='bbox 825 2792 1027 2871; x_wconf 88' lang='lat' dir='ltr'>conceptum</span> <span class='ocrx_word' id='word_1_186' title='bbox 1062 2781 1238 2848; x_wconf 90' lang='lat' dir='ltr'>missionis</span> <span class='ocrx_word' id='word_1_187' title='bbox 1273 2779 1360 2846; x_wconf 87' lang='lat' dir='ltr'>satis</span> 
     </span>
     <span class='ocr_line' id='line_1_25' title="bbox 192 2888 1359 2981; baseline -0.003 -24"><span class='ocrx_word' id='word_1_188' title='bbox 192 2911 262 2957; x_wconf 89' lang='lat' dir='ltr'>non</span> <span class='ocrx_word' id='word_1_189' title='bbox 287 2898 363 2958; x_wconf 90' lang='lat' dir='ltr'>erat</span> <span class='ocrx_word' id='word_1_190' title='bbox 386 2891 428 2957; x_wconf 93' lang='lat' dir='ltr'>ad</span> <span class='ocrx_word' id='word_1_191' title='bbox 446 2890 653 2978; x_wconf 89' lang='lat' dir='ltr'>explicanda</span> <span class='ocrx_word' id='word_1_192' title='bbox 676 2913 726 2973; x_wconf 90' lang='lat' dir='ltr'>ea,</span> <span class='ocrx_word' id='word_1_193' title='bbox 747 2911 834 2981; x_wconf 90' lang='lat' dir='ltr'>quae</span> <span class='ocrx_word' id='word_1_194' title='bbox 851 2890 888 2956; x_wconf 92' lang='lat' dir='ltr'>iu</span> <span class='ocrx_word' id='word_1_195' title='bbox 905 2889 1101 2978; x_wconf 89' lang='lat' dir='ltr'>Scripturis</span> <span class='ocrx_word' id='word_1_196' title='bbox 1125 2894 1160 2956; x_wconf 90' lang='lat' dir='ltr'>et</span> <span class='ocrx_word' id='word_1_197' title='bbox 1184 2911 1205 2954; x_wconf 89' lang='lat' dir='ltr'>a</span> <span class='ocrx_word' id='word_1_198' title='bbox 1229 2911 1275 2955; x_wconf 92' lang='lat' dir='ltr'>ss.</span> <span class='ocrx_word' id='word_1_199' title='bbox 1295 2888 1359 2954; x_wconf 90' lang='lat' dir='ltr'>Pa·</span> 
     </span>
     <span class='ocr_line' id='line_1_26' title="bbox 193 2995 1360 3086; baseline -0.003 -21"><span class='ocrx_word' id='word_1_200' title='bbox 193 2997 307 3065; x_wconf 90' lang='lat' dir='ltr'>tribus</span> <span class='ocrx_word' id='word_1_201' title='bbox 331 2996 372 3066; x_wconf 92' lang='lat' dir='ltr'>de</span> <span class='ocrx_word' id='word_1_202' title='bbox 396 2998 558 3065; x_wconf 88' lang='lat' dir='ltr'>missione</span> <span class='ocrx_word' id='word_1_203' title='bbox 582 2997 693 3086; x_wconf 88' lang='lat' dir='ltr'>ipsius</span> <span class='ocrx_word' id='word_1_204' title='bbox 717 2995 873 3086; x_wconf 89' lang='lat' dir='ltr'>Spiritus</span> <span class='ocrx_word' id='word_1_205' title='bbox 897 2997 1073 3065; x_wconf 87' lang='lat' dir='ltr'>Paracleti</span> <span class='ocrx_word' id='word_1_206' title='bbox 1098 2997 1278 3063; x_wconf 88' lang='lat' dir='ltr'>docentur.</span> <span class='ocrx_word' id='word_1_207' title='bbox 1297 2997 1360 3063; x_wconf 89' lang='lat' dir='ltr'>Pa·</span> 
     </span>
     <span class='ocr_line' id='line_1_27' title="bbox 194 3102 1362 3196; baseline -0.003 -23"><span class='ocrx_word' id='word_1_208' title='bbox 194 3112 268 3173; x_wconf 91' lang='lat' dir='ltr'>tres</span> <span class='ocrx_word' id='word_1_209' title='bbox 292 3127 411 3195; x_wconf 90' lang='lat' dir='ltr'>nempe</span> <span class='ocrx_word' id='word_1_210' title='bbox 434 3106 680 3195; x_wconf 87' lang='lat' dir='ltr'>respondentes</span> <span class='ocrx_word' id='word_1_211' title='bbox 710 3105 867 3189; x_wconf 87' lang='lat' dir='ltr'>Arianis,</span> <span class='ocrx_word' id='word_1_212' title='bbox 894 3105 1023 3196; x_wconf 89' lang='lat' dir='ltr'>duplex</span> <span class='ocrx_word' id='word_1_213' title='bbox 1047 3104 1272 3174; x_wconf 90' lang='lat' dir='ltr'>considerant</span> <span class='ocrx_word' id='word_1_214' title='bbox 1296 3102 1362 3170; x_wconf 89' lang='lat' dir='ltr'>ele·</span> 
     </span>
     <span class='ocr_line' id='line_1_28' title="bbox 195 3213 1361 3304; baseline -0.002 -24"><span class='ocrx_word' id='word_1_215' title='bbox 195 3220 348 3282; x_wconf 89' lang='lat' dir='ltr'>mentum</span> <span class='ocrx_word' id='word_1_216' title='bbox 371 3214 557 3283; x_wconf 87' lang='lat' dir='ltr'>essentiale</span> <span class='ocrx_word' id='word_1_217' title='bbox 581 3214 617 3281; x_wconf 91' lang='lat' dir='ltr'>iu</span> <span class='ocrx_word' id='word_1_218' title='bbox 641 3214 804 3282; x_wconf 89' lang='lat' dir='ltr'>missione</span> <span class='ocrx_word' id='word_1_219' title='bbox 835 3237 1000 3304; x_wconf 87' lang='lat' dir='ltr'>personae</span> <span class='ocrx_word' id='word_1_220' title='bbox 1029 3213 1195 3298; x_wconf 82' lang='lat' dir='ltr'>divinae,</span> <span class='ocrx_word' id='word_1_221' title='bbox 1226 3218 1266 3280; x_wconf 92' lang='lat' dir='ltr'>ut</span> <span class='ocrx_word' id='word_1_222' title='bbox 1293 3213 1361 3279; x_wconf 88' lang='lat' dir='ltr'>fre·</span> 
     </span>
     <span class='ocr_line' id='line_1_29' title="bbox 195 3318 1361 3414; baseline -0.003 -25"><span class='ocrx_word' id='word_1_223' title='bbox 195 3321 419 3413; x_wconf 87' lang='lat' dir='ltr'>quentissime</span> <span class='ocrx_word' id='word_1_224' title='bbox 449 3322 687 3411; x_wconf 83' lang='lat' dir='ltr'>Augustinus.</span> <span class='ocrx_word' id='word_1_225' title='bbox 717 3322 770 3390; x_wconf 87' lang='lat' dir='ltr'>Ea</span> <span class='ocrx_word' id='word_1_226' title='bbox 805 3345 892 3414; x_wconf 91' lang='lat' dir='ltr'>quae</span> <span class='ocrx_word' id='word_1_227' title='bbox 916 3323 966 3390; x_wconf 90' lang='lat' dir='ltr'>ibi</span> <span class='ocrx_word' id='word_1_228' title='bbox 997 3329 1186 3390; x_wconf 89' lang='lat' dir='ltr'>occurrunt</span> <span class='ocrx_word' id='word_1_229' title='bbox 1220 3318 1361 3410; x_wconf 88' lang='lat' dir='ltr'>propria</span> 
     </span>
     <span class='ocr_line' id='line_1_30' title="bbox 195 3430 1360 3522; baseline -0.003 -22"><span class='ocrx_word' id='word_1_230' title='bbox 195 3432 298 3500; x_wconf 86' lang='lat' dir='ltr'>rebus</span> <span class='ocrx_word' id='word_1_231' title='bbox 321 3432 462 3516; x_wconf 87' lang='lat' dir='ltr'>creatis,</span> <span class='ocrx_word' id='word_1_232' title='bbox 481 3444 515 3499; x_wconf 84' lang='lat' dir='ltr'>et</span> <span class='ocrx_word' id='word_1_233' title='bbox 539 3454 626 3522; x_wconf 90' lang='lat' dir='ltr'>quae</span> <span class='ocrx_word' id='word_1_234' title='bbox 642 3432 684 3499; x_wconf 89' lang='lat' dir='ltr'>ab</span> <span class='ocrx_word' id='word_1_235' title='bbox 701 3430 848 3498; x_wconf 88' lang='lat' dir='ltr'>Arianis</span> <span class='ocrx_word' id='word_1_236' title='bbox 864 3432 1094 3520; x_wconf 86' lang='lat' dir='ltr'>urgebantur,</span> <span class='ocrx_word' id='word_1_237' title='bbox 1115 3430 1216 3497; x_wconf 89' lang='lat' dir='ltr'>aiunt</span> <span class='ocrx_word' id='word_1_238' title='bbox 1238 3430 1360 3496; x_wconf 87' lang='lat' dir='ltr'>debere</span> 
     </span>
     <span class='ocr_line' id='line_1_31' title="bbox 194 3538 1360 3629; baseline -0.004 -21"><span class='ocrx_word' id='word_1_239' title='bbox 194 3539 351 3629; x_wconf 84' lang='lat' dir='ltr'>intelligi</span> <span class='ocrx_word' id='word_1_240' title='bbox 375 3540 416 3608; x_wconf 92' lang='lat' dir='ltr'>da</span> <span class='ocrx_word' id='word_1_241' title='bbox 439 3541 624 3608; x_wconf 89' lang='lat' dir='ltr'>effectibus</span> <span class='ocrx_word' id='word_1_242' title='bbox 647 3540 691 3606; x_wconf 89' lang='lat' dir='ltr'>ad</span> <span class='ocrx_word' id='word_1_243' title='bbox 715 3545 817 3606; x_wconf 90' lang='lat' dir='ltr'>extra</span> <span class='ocrx_word' id='word_1_244' title='bbox 839 3539 1089 3625; x_wconf 86' lang='lat' dir='ltr'>tantummodo;</span> <span class='ocrx_word' id='word_1_245' title='bbox 1115 3539 1151 3606; x_wconf 92' lang='lat' dir='ltr'>in</span> <span class='ocrx_word' id='word_1_246' title='bbox 1176 3538 1253 3628; x_wconf 88' lang='lat' dir='ltr'>ipsa</span> <span class='ocrx_word' id='word_1_247' title='bbox 1278 3557 1360 3604; x_wconf 87' lang='lat' dir='ltr'>vero</span> 
     </span>
     <span class='ocr_line' id='line_1_32' title="bbox 194 3645 1384 3739; baseline -0.002 -25"><span class='ocrx_word' id='word_1_248' title='bbox 194 3669 340 3737; x_wconf 89' lang='lat' dir='ltr'>persona</span> <span class='ocrx_word' id='word_1_249' title='bbox 364 3671 451 3739; x_wconf 86' lang='lat' dir='ltr'>quae</span> <span class='ocrx_word' id='word_1_250' title='bbox 475 3648 643 3733; x_wconf 88' lang='lat' dir='ltr'>mittitur,</span> <span class='ocrx_word' id='word_1_251' title='bbox 665 3677 681 3711; x_wconf 78' lang='lat' dir='ltr'>a</span> <span class='ocrx_word' id='word_1_252' title='bbox 700 3670 767 3715; x_wconf 94' lang='lat' dir='ltr'>non</span> <span class='ocrx_word' id='word_1_253' title='bbox 784 3646 1070 3739; x_wconf 87' lang='lat' dir='ltr'>inaequalitatem</span> <span class='ocrx_word' id='word_1_254' title='bbox 1089 3645 1149 3715; x_wconf 92' lang='lat' dir='ltr'>sed</span> <span class='ocrx_word' id='word_1_255' title='bbox 1174 3646 1384 3734; x_wconf 68' lang='lat' dir='ltr'>processio·</span> 
     </span>
     <span class='ocr_line' id='line_1_33' title="bbox 194 3752 1362 3845; baseline -0.003 -22"><span class='ocrx_word' id='word_1_256' title='bbox 194 3778 271 3824; x_wconf 87' lang='lat' dir='ltr'>nem</span> <span class='ocrx_word' id='word_1_257' title='bbox 289 3783 305 3818; x_wconf 83' lang='lat' dir='ltr'><em>n</em></span> <span class='ocrx_word' id='word_1_258' title='bbox 325 3756 532 3845; x_wconf 86' lang='lat' dir='ltr'>significari.</span> <span class='ocrx_word' id='word_1_259' title='bbox 550 3756 687 3826; x_wconf 91' lang='lat' dir='ltr'>Auctor</span> <span class='ocrx_word' id='word_1_260' title='bbox 706 3780 786 3825; x_wconf 88' lang='lat' dir='ltr'>vero</span> <span class='ocrx_word' id='word_1_261' title='bbox 811 3754 872 3823; x_wconf 92' lang='lat' dir='ltr'>ille</span> <span class='ocrx_word' id='word_1_262' title='bbox 892 3756 1151 3844; x_wconf 87' lang='lat' dir='ltr'>pseudonymus</span> <span class='ocrx_word' id='word_1_263' title='bbox 1168 3752 1362 3821; x_wconf 90' lang='lat' dir='ltr'>consistens</span> 
     </span>
     <span class='ocr_line' id='line_1_34' title="bbox 193 3860 1364 3954; baseline -0.004 -22"><span class='ocrx_word' id='word_1_264' title='bbox 193 3865 230 3932; x_wconf 94' lang='lat' dir='ltr'>in</span> <span class='ocrx_word' id='word_1_265' title='bbox 255 3864 363 3954; x_wconf 88' lang='lat' dir='ltr'>priori</span> <span class='ocrx_word' id='word_1_266' title='bbox 388 3865 570 3933; x_wconf 91' lang='lat' dir='ltr'>dumtaxat</span> <span class='ocrx_word' id='word_1_267' title='bbox 592 3865 759 3933; x_wconf 89' lang='lat' dir='ltr'>elemento</span> <span class='ocrx_word' id='word_1_268' title='bbox 791 3870 918 3948; x_wconf 90' lang='lat' dir='ltr'>creato,</span> <span class='ocrx_word' id='word_1_269' title='bbox 950 3864 1040 3954; x_wconf 91' lang='lat' dir='ltr'>quod</span> <span class='ocrx_word' id='word_1_270' title='bbox 1066 3864 1108 3930; x_wconf 89' lang='lat' dir='ltr'>ab</span> <span class='ocrx_word' id='word_1_271' title='bbox 1131 3860 1278 3929; x_wconf 91' lang='lat' dir='ltr'>Arianis</span> <span class='ocrx_word' id='word_1_272' title='bbox 1304 3876 1364 3950; x_wconf 70' lang='lat' dir='ltr'>o&#39;p-</span> 
     </span>
     <span class='ocr_line' id='line_1_35' title="bbox 195 3970 1364 4064; baseline -0.003 -25"><span class='ocrx_word' id='word_1_273' title='bbox 195 3975 386 4064; x_wconf 86' lang='lat' dir='ltr'>ponebatur</span> <span class='ocrx_word' id='word_1_274' title='bbox 411 3981 532 4042; x_wconf 88' lang='lat' dir='ltr'>contra</span> <span class='ocrx_word' id='word_1_275' title='bbox 555 3973 778 4042; x_wconf 87' lang='lat' dir='ltr'>divinitatem</span> <span class='ocrx_word' id='word_1_276' title='bbox 814 3995 980 4063; x_wconf 88' lang='lat' dir='ltr'>personae</span> <span class='ocrx_word' id='word_1_277' title='bbox 1005 3972 1153 4056; x_wconf 88' lang='lat' dir='ltr'>missae,</span> <span class='ocrx_word' id='word_1_278' title='bbox 1183 3970 1364 4039; x_wconf 83' lang='lat' dir='ltr'>verissime</span> 
     </span>
     <span class='ocr_line' id='line_1_36' title="bbox 196 4081 1362 4174; baseline -0.003 -24"><span class='ocrx_word' id='word_1_279' title='bbox 196 4082 334 4174; x_wconf 89' lang='lat' dir='ltr'>quidem</span> <span class='ocrx_word' id='word_1_280' title='bbox 357 4084 549 4172; x_wconf 89' lang='lat' dir='ltr'>respondit,</span> <span class='ocrx_word' id='word_1_281' title='bbox 567 4083 658 4150; x_wconf 93' lang='lat' dir='ltr'>illud</span> <span class='ocrx_word' id='word_1_282' title='bbox 683 4106 750 4150; x_wconf 92' lang='lat' dir='ltr'>non</span> <span class='ocrx_word' id='word_1_283' title='bbox 775 4083 1025 4172; x_wconf 85' lang='lat' dir='ltr'>proprietatem</span> <span class='ocrx_word' id='word_1_284' title='bbox 1050 4104 1124 4150; x_wconf 87' lang='lat' dir='ltr'>esse</span> <span class='ocrx_word' id='word_1_285' title='bbox 1149 4081 1262 4170; x_wconf 90' lang='lat' dir='ltr'>ipsius</span> <span class='ocrx_word' id='word_1_286' title='bbox 1286 4101 1362 4170; x_wconf 90' lang='lat' dir='ltr'>per·</span> 
     </span>
     <span class='ocr_line' id='line_1_37' title="bbox 196 4186 1363 4280; baseline -0.003 -23"><span class='ocrx_word' id='word_1_287' title='bbox 196 4212 311 4273; x_wconf 87' lang='lat' dir='ltr'>sonae,</span> <span class='ocrx_word' id='word_1_288' title='bbox 329 4189 388 4258; x_wconf 90' lang='lat' dir='ltr'>sed</span> <span class='ocrx_word' id='word_1_289' title='bbox 412 4192 598 4259; x_wconf 87' lang='lat' dir='ltr'>effectuum</span> <span class='ocrx_word' id='word_1_290' title='bbox 615 4190 658 4257; x_wconf 90' lang='lat' dir='ltr'>ad</span> <span class='ocrx_word' id='word_1_291' title='bbox 679 4198 791 4277; x_wconf 75' lang='lat' dir='ltr'>extra,</span> <span class='ocrx_word' id='word_1_292' title='bbox 810 4191 961 4280; x_wconf 90' lang='lat' dir='ltr'>adeoque</span> <span class='ocrx_word' id='word_1_293' title='bbox 977 4212 1045 4257; x_wconf 91' lang='lat' dir='ltr'>uon</span> <span class='ocrx_word' id='word_1_294' title='bbox 1063 4187 1282 4277; x_wconf 89' lang='lat' dir='ltr'>simpliciter,</span> <span class='ocrx_word' id='word_1_295' title='bbox 1302 4186 1363 4254; x_wconf 89' lang='lat' dir='ltr'>sed</span> 
     </span>
     <span class='ocr_line' id='line_1_38' title="bbox 196 4293 1363 4386; baseline -0.003 -23"><span class='ocrx_word' id='word_1_296' title='bbox 196 4293 261 4363; x_wconf 90' lang='lat' dir='ltr'>hoc</span> <span class='ocrx_word' id='word_1_297' title='bbox 285 4318 389 4363; x_wconf 91' lang='lat' dir='ltr'>sensu</span> <span class='ocrx_word' id='word_1_298' title='bbox 413 4296 557 4383; x_wconf 85' lang='lat' dir='ltr'>Ariane,</span> <span class='ocrx_word' id='word_1_299' title='bbox 588 4295 733 4386; x_wconf 87' lang='lat' dir='ltr'>negavit</span> <span class='ocrx_word' id='word_1_300' title='bbox 757 4296 953 4364; x_wconf 88' lang='lat' dir='ltr'>missionem</span> <span class='ocrx_word' id='word_1_301' title='bbox 989 4294 1101 4386; x_wconf 90' lang='lat' dir='ltr'>ipsius</span> <span class='ocrx_word' id='word_1_302' title='bbox 1125 4317 1289 4385; x_wconf 86' lang='lat' dir='ltr'>personae</span> <span class='ocrx_word' id='word_1_303' title='bbox 1312 4294 1363 4362; x_wconf 93' lang='lat' dir='ltr'>di-</span> 
     </span>
     <span class='ocr_line' id='line_1_39' title="bbox 198 4401 1363 4477; baseline -0.005 0"><span class='ocrx_word' id='word_1_304' title='bbox 198 4402 312 4477; x_wconf 83' lang='lat' dir='ltr'>vinae.</span> <span class='ocrx_word' id='word_1_305' title='bbox 332 4401 528 4474; x_wconf 89' lang='lat' dir='ltr'>Photianus</span> <span class='ocrx_word' id='word_1_306' title='bbox 551 4427 634 4475; x_wconf 87' lang='lat' dir='ltr'>vero</span> <span class='ocrx_word' id='word_1_307' title='bbox 657 4412 781 4476; x_wconf 86' lang='lat' dir='ltr'>contra</span> <span class='ocrx_word' id='word_1_308' title='bbox 803 4402 1023 4472; x_wconf 85' lang='lat' dir='ltr'>manifestam</span> <span class='ocrx_word' id='word_1_309' title='bbox 1047 4402 1239 4472; x_wconf 83' lang='lat' dir='ltr'>doctrinam</span> <span class='ocrx_word' id='word_1_310' title='bbox 1270 4401 1363 4471; x_wconf 90' lang='lat' dir='ltr'>Scri·</span> 
     </span>
    </p>
   </div>
   <div class='ocr_carea' id='block_1_4' title="bbox 0 0 1569 4988">
    <p class='ocr_par' dir='ltr' id='par_1_5' title="bbox 0 0 1569 4988">
     <span class='ocr_line' id='line_1_40' title="bbox 0 0 1569 4988; baseline 0 0"><span class='ocrx_word' id='word_1_311' title='bbox 0 0 1569 4988; x_wconf 95' lang='lat' dir='ltr'> </span> 
     </span>
    </p>
   </div>
  </div>
 </body>
</html>
