3120 4988
690 308 728 323 -
750 277 808 340 186
828 309 866 323 -

191 385 368 454 additione
380 383 449 453 iam
465 383 666 472 adoptatum
684 380 747 469 (l),
765 388 801 450 et
816 380 963 451 Alcuini
981 384 1244 472 ceterorumque
1262 403 1369 470 prse-

191 495 332 582 cipuum
348 491 503 559 studium
521 489 677 579 positum⁸
696 489 808 558 fuerit
830 490 867 557 in
891 488 1078 558 asserenda
1093 494 1129 557 et
1143 488 1368 557 illustranda

191 600 257 670 hac
280 600 357 691 ipsa
380 599 539 668 doctrina
562 596 666 680 fidei,
692 598 777 664 odeo
800 602 842 664 ut
865 596 976 686 ipsam
1001 596 1187 665 formulam
1210 597 1366 666 Graeco·

190 734 269 776 rum
293 730 360 800 quo
383 707 518 776 dicitur
541 704 712 793 processio
736 728 759 770 o
776 704 883 772 Patre
902 728 965 792 per
989 704 1135 787 Filiam,
1160 710 1365 794 suspectam

190 817 357 884 hahentes
380 814 518 882 omnino
542 811 713 900 Spiritum
738 810 905 880 Sanctum
928 836 951 878 o
972 813 1081 879 Patre
1104 825 1136 878 et
1158 813 1257 880 Filio
1281 832 1366 902 pro²

190 925 308 993 oedere
331 920 562 1011 profitendum
579 941 651 987 esse
664 917 913 987 defenderent?
930 919 1029 1001 Quod
1053 920 1190 1011 quidem
1206 943 1269 988 suo
1284 919 1364 989 loco

191 1029 504 1099 demonstravimus
527 1051 568 1094 ex
600 1026 704 1093 libris
725 1026 923 1110 Carolinis,
957 1027 1084 1117 quibus
1108 1028 1268 1117 (scriptis
1299 1051 1362 1096 an-

190 1161 234 1206 no
257 1137 322 1204 790
346 1134 504 1204 octennio
527 1140 608 1202 ante
631 1133 813 1222 epistolam
830 1134 875 1202 od
890 1132 1156 1221 Lugdunenses)
1173 1135 1279 1202 etiam
1296 1136 1363 1203 Al-

191 1243 332 1313 ouinum
356 1264 455 1311 suam
479 1262 616 1329 operam
640 1239 858 1329 praestitisse
882 1241 970 1308 satis
993 1243 1131 1309 constat
1154 1241 1216 1327 (cf.
1234 1241 1362 1312 Hefele

191 1351 286 1418 Hist.
304 1350 406 1418 Conc.
427 1348 468 1418 Τ.
482 1348 550 1416 III.
569 1372 604 1438 p.
624 1348 701 1417 654.
722 1352 826 1438 sqq.).
846 1347 946 1416 Certe
961 1349 1137 1417 Aloninus
1154 1349 1239 1418 dota
1254 1372 1362 1440 opera

191 1458 236 1525 ad
259 1455 559 1525 demonstrandam
582 1454 833 1542 processionem
850 1453 1008 1543 Spiritus
1025 1454 1146 1541 Sancti
1163 1479 1184 1522 s
1198 1455 1306 1525 Patre
1325 1465 1362 1528 et

190 1563 284 1632 Filio
308 1562 453 1658 scripsit
474 1570 509 1630 et
537 1560 662 1631 Corolo
684 1560 733 1630 11.
757 1561 894 1631 dicavit
916 1562 1046 1633 librum
1077 1562 1361 1653 1111131111(Μὶ-

191 1693 260 1760 gne
282 1669 339 1739 01.
358 1693 392 1759 p.
408 1669 463 1736 04.
483 1672 586 1759 sqq.),
614 1668 784 1760 quintin
808 1668 886 1758 ipsa
909 1669 1139 1759 inscriptione
1162 1672 1359 1759 indicatur,

190 1785 287 1848 totus
311 1783 365 1844 est
395 1782 579 1845 contextus
602 1798 656 1844 ex.
678 1776 888 1844 testimoniis
913 1775 1118 1867 Scripturas
1141 1785 1177 1848 et
1199 1779 1358 1868 Petrum,

193 1915 209 1950 1
223 1886 261 1953 in
277 1880 403 1976 quibn‘s
415 1889 535 1974 aperte
548 1883 757 1970 ostenditur,
769 1885 860 1975 qnod
874 1883 1032 1974 Spiritus
1046 1884 1200 1956 Sanctus
1215 1911 1239 1956 a
1255 1891 1362 1959 Patre

190 1998 227 2062 et
248 1992 342 2061 Filio
364 1991 533 2082 procedit,
551 1995 588 2060 et
609 1993 701 2083 qnod
724 2001 816 2063 certe
840 1992 998 2088 Spiritus
1021 1993 1173 2064 Sanctus
1189 1997 1312 2074 Patris
1326 2003 1363 2067 et

190 2100 279 2169 Filii
303 2106 451 2169 vocatur
474 2099 645 2190 Spiritus.
663 2128 678 2165 n
697 2101 740 2169 Iu
756 2101 839 2170 aliis
862 2124 995 2194 quoque
1011 2103 1086 2171 snis
1103 2104 1273 2193 operibns¹
1283 2128 1363 2196 pas-

191 2211 256 2278 sim
281 2209 453 2298 Spiritum
478 2207 644 2278 Sanctum
668 2209 767 2278 docet
789 2230 811 2277 a
833 2212 939 2279 Patre
955 2218 993 2279 et
1006 2210 1102 2279 Filio
1118 2213 1361 2302 procedentem

190 2337 231 2386 ea
253 2315 409 2400 ratione,
436 2320 476 2384 nt
499 2316 722 2385 manifestum
757 2317 807 2386 sit
840 2317 930 2386 hanc
964 2319 1213 2408 professionem
1249 2321 1362 2392 fnisse

190 2428 292 2492 extra
315 2422 588 2491 controversiam
613 2445 716 2512 penes
741 2423 933 2495 catholicos
948 2425 1143 2514 generatim
1159 2433 1197 2495 et
1212 2428 1362 2499 maxime

190 2551 296 2621 penes
318 2528 499 2619 theologos
520 2530 638 2609 Caroli
656 2532 723 2617 ·Μ.,
741 2531 946 2600 nominatim
961 2556 1045 2602 vero
1061 2536 1104 2601 ab
1120 2533 1275 2604 Alcuino
1291 2559 1361 2605 non

191 2638 290 2706 modo
312 2659 382 2714 non
412 2636 568 2704 habitem
593 2643 635 2706 nt
660 2662 841 2709 uerrorem
865 2663 1033 2710 novarum
1058 2649 1273 2729 sectarum
1301 2646 1363 2716 sed

190 2745 326 2815 omnino
353 2746 528 2814 defensam
552 2749 594 2814 ut
615 2746 806 2817 articulum
836 2749 1003 2839 antiquae
1038 2749 1121 2817 fidei
1150 2749 1359 2832 catholicae.

189 2853 279 2924 Vide
290 2852 480 2922 Alouinum
492 2852 679 2922 Commeat.
699 2853 725 2922 l.
744 2855 809 2924 IV.
827 2878 857 2925 c.
877 2855 930 2924 17.
952 2856 1059 2926 inIo.
1077 2855 1232 2945 V11.23;
1252 2858 1278 2928 1.
1293 2859 1359 2929 VI.

144 2962 146 2968 ’
190 2961 293 3031 121.
313 2960 351 3028 in
366 2960 416 3029 Io.
434 2959 514 3031 XV.
534 2961 590 3049 265
608 2961 650 3031 de
664 2959 751 3030 Fide
769 2962 960 3033 Trinitatis
976 2963 1001 3033 l.
1020 2965 1051 3031 Ι.
1070 2988 1102 3034 1.
1120 2965 1248 3053 13.14;
1266 2968 1294 3035 1.
1309 2968 1374 3036 II.

190 3092 218 3137 o.
239 3067 293 3135 19.
314 3067 370 3154 20;
396 3067 433 3135 in
458 3068 614 3156 symbolo
637 3067 746 3137 1.ΠΙ.
773 3069 817 3136 ad
841 3071 955 3158 finem;
982 3072 1019 3139 in
1044 3073 1261 3141 confessione
1276 3074 1361 3144 fidei

108 3241 111 3248 .
190 3175 301 3259 (edita
324 3197 345 3242 a
366 3174 543 3245 chiffletio
565 3180 602 3243 et
625 3175 732 3244 etiem
755 3197 776 3242 a
798 3176 1004 3245 Mebiilonio
1032 3185 1168 3248 asserta
1191 3180 1360 3268 Alcaico)

190 3288 229 3355 P.
249 3285 280 3355 I.
296 3309 331 3354 n.
348 3285 402 3354 12.
418 3285 473 3352 15.
491 3284 684 3355 lalana.
702 3283 758 3353 23.
777 3284 833 3373 263
848 3289 887 3355 P.
907 3286 1019 3355 IILn.
1033 3288 1064 3356 1.
1084 3288 1117 3357 2.
1134 3289 1357 3362 o.10.22.24.

257 3393 354 3476 Quas
380 3414 520 3461 «novas
543 3392 727 3483 Hispanici
750 3395 880 3462 erroris
901 3402 1044 3465 sectasn
1063 3396 1360 3485 Lugdunensibus

191 3506 266 3570 tote
290 3500 463 3588 cavendas
487 3498 680 3569 intentione
709 3500 842 3570 dixerit
864 3501 1051 3589 Alcuinus,
1075 3526 1173 3573 nemo
1196 3505 1361 3577 dubitare

262 3663 297 3738 (1)
316 3664 394 3729 Quod
412 3665 553 3718 Hearicus
571 3663 704 3717 Oanisius
723 3664 836 3718 censuit
853 3663 958 3735 (Veter.
972 3667 1037 3720 lect.
1052 3668 1084 3720 ’1.
1099 3668 1138 3720 ΙΙ.
1152 3685 1180 3736 p.
1194 3667 1267 3742 397),
1281 3670 1359 3726 huuc

190 3771 270 3809 usum
290 3771 325 3808 ox
344 3756 477 3809 suasione
496 3754 602 3821 Leonis
620 3755 664 3807 111
677 3754 766 3808 fuisse
782 3754 813 3806 in
826 3757 924 3820 regnis
937 3755 1033 3810 Garuli
1046 3756 1255 3828 intermissum,
1270 3764 1356 3829 atque

189 3845 252 3898 ideo
273 3845 493 3912 qnaeAlcuinus
512 3845 543 3897 in
564 3848 663 3898 nostra
683 3845 807 3913 epistole
825 3844 861 3898 ad
879 3846 1081 3911 Lugdunenses
1100 3849 1204 3902 scribit
1222 3849 1257 3902 de
1272 3854 1358 3906 noris

183 3917 354 3986 nominibus
368 3933 495 4000 symbolo
515 3946 570 3986 non
590 3933 763 4001 inserendis,
784 3935 888 3987 referri
904 3935 939 3987 ad
954 3937 1041 3989 istam
1060 3938 1220 3991 suesioncm
1243 3919 1359 4010 faronis,

190 4039 246 4076 non
261 4024 349 4075 solum
362 4025 466 4077 falsum
480 4024 627 4077 sedetiam
646 4024 799 4078 absurdum
811 4028 865 4079 est.
882 4025 1039 4079 Consilium
1055 4028 1131 4080 enim
1144 4028 1218 4081 illud
1237 4030 1401 4084 aLeonc·

190 4113 286 4165 datum
306 4117 351 4166 cst
369 4117 474 4178 legatis
493 4115 589 4167 Caroli
608 4118 674 4182 post
693 4115 831 4181 synodum
848 4115 1109 4182 Aquisgransnssm
1129 4119 1199 4171 anni
1217 4121 1270 4172 809
1283 4117 1401 4189 (videa

190 4205 320 4255 nostram
339 4203 453 4256 'fhesim
472 4203 570 4276 HL),
590 4205 727 4258 Alcuinus
748 4206 903 4272 scripserat
927 4207 1077 4274 epistolam
1096 4208 1130 4261 ad
1143 4208 1401 4275 1113111111εὲ

190 4305 265 4344 anuo
279 4290 340 4358 798,
353 4294 381 4343 et
391 4293 454 4344 rito
468 4292 582 4346 functus
597 4296 643 4345 est
652 4308 728 4345 anno
738 4293 801 4346 804.
815 4295 952 4349 sexennio
967 4300 1035 4349 anto
1047 4296 1129 4349 illam
1144 4296 1401 4352 collocutionem:

191 4380 296 4441 Leonis
314 4396 375 4434 cum
395 4381 501 4446 legatis
519 4382 649 4436 habitam
668 4398 742 4438 anno
761 4384 824 4436 810.
