3120 4988
671 333 709 351 .-
730 302 766 367 81
791 334 829 352 .-

191 437 219 505 p.
233 411 298 496 868,
316 403 369 482 ci
380 412 472 504 apud
496 411 613 502 Migne
638 412 679 480 Τ.
699 411 824 480 CXIX.
844 437 878 502 p.
899 411 1012 498 1201),
1039 409 1089 499 (1)
1113 409 1207 479 sicut
1226 409 1332 478 etiam

191 521 223 588 ds
242 521 396 589 Conciliis
420 521 648 590 oecumenicis
670 520 903 591 Lateranensi
925 521 1001 606 lv,
1027 519 1256 611 Lugdunensi
1280 518 1330 604 H,

190 629 369 699 Florentino
393 639 498 699 tacet.

242 738 271 806 1⁰
292 740 342 834 lle
364 739 509 828 synodis
534 737 725 820 Toletanis,
745 744 913 827 quantum
938 760 1023 827 opus
1039 742 1106 818 est,
1126 735 1279 804 diximus
1296 734 1333 804 in

192 847 242 916 rh.
257 846 399 914 XXXV.
421 871 455 914 n.
475 847 523 916 II.
543 846 672 913 Contra
696 869 754 913 eas
777 847 953 914 Macarius
978 844 1014 912 in
1040 850 1201 934 promptu
1230 844 1335 912 habet

193 961 247 1023 tres
266 954 427 1043 strophas
450 955 516 1022 sibi
543 955 669 1045 ubique
694 954 901 1036 familiares,
921 955 1048 1044 quibus
1072 952 1172 1020 iidem
1202 974 1333 1019 omnem

195 1069 219 1130 ct
237 1062 431 1151 Scripturas
456 1070 491 1131 ct
516 1069 811 1131 monumentorum
833 1063 1000 1131 historiae
1019 1073 1093 1131 tum
1118 1084 1235 1131 sacrae
1260 1070 1333 1130 tum

195 1172 333 1262 profanae
358 1193 459 1260 penes
484 1171 615 1260 vulgus
639 1171 838 1260 imperitum
864 1171 968 1240 facile
991 1180 1143 1238 evertas.

244 1281 273 1364 o)
295 1282 383 1347 Acta
408 1278 653 1363 conciliorum,
674 1281 802 1371 inquit,
821 1292 903 1347 sunt
920 1285 1080 1366 suspecta
1104 1288 1139 1347 et
1157 1275 1334 1375 particula

169 1385 171 1389 ’
198 1386 331 1478 illioque
353 1389 466 1457 serius
490 1389 639 1458 fortasse
675 1388 913 1478 interpolata,
943 1390 1045 1457 chius
1069 1387 1207 1454 fraudis
1230 1407 1335 1474 argu-

198 1507 320 1564 mentum
343 1507 462 1564 cxstat
485 1499 523 1566 in
546 1498 633 1588 ipsis
669 1498 725 1565 his
748 1497 939 1581 Consiliis,
969 1497 1007 1565 in
1032 1497 1159 1588 quibus
1183 1503 1335 1584 negatur

198 1611 337 1694 processio
372 1611 528 1700 Spiritus
553 1634 573 1677 a
596 1610 713 1694 Filio,
744 1611 824 1679 dum
849 1612 981 1679 dicitur
1007 1641 1023 1677 u
1049 1614 1153 1680 Pater
1190 1612 1267 1679 fons
1299 1616 1335 1681 et

200 1715 272 1804 origo
292 1719 399 1788 totius
435 1719 659 1803 divinitatis,
690 1743 731 1787 ex
756 1742 823 1811 quo
846 1728 882 1788 et
904 1720 1021 1788 Filius
1046 1720 1269 1788 nativitatem
1299 1725 1335 1789 et

200 1819 325 1910 Spiritus
349 1828 500 1897 Sanctus
523 1826 772 1916 processionem
799 1830 945 1917 accepit.
976 1854 992 1889 a
1022 1829 1072 1895 At
1095 1828 1125 1894 si
1150 1827 1214 1895 hoc
1238 1826 1335 1896 valet

200 1945 423 2018 argumentum,
443 1959 508 2003 non
526 1936 600 2004 sola
625 1936 802 2025 particula
819 1937 981 2028 Filioque
1004 1937 1040 2002 in
1066 1935 1148 2018 istis
1172 1933 1330 2024 synodis,

200 2036 353 2108 sedetiam
378 2043 526 2133 epistola
549 2044 677 2112 Leonis
693 2043 888 2126 Pontificis,
909 2064 1011 2134 quam
1029 2043 1190 2132 sequitur
1213 2039 1334 2108 defini-

200 2140 235 2207 tio
253 2143 386 2217 Concilii
413 2151 573 2218 Toletani
592 2150 640 2218 Π.
659 2174 749 2219 anno
771 2151 866 2233 447,
886 2157 921 2218 et
943 2158 1019 2217 tota
1037 2148 1187 2215 historia
1211 2146 1354 2214 Conci-‘

199 2243 295 2324 lilllI.
312 2261 374 2326 sub
397 2259 606 2343 Reccaredo,
631 2268 667 2340 et
691 2260 805 2326 omnia
829 2259 1034 2327 documenta
1069 2257 1243 2326 catholica
1266 2280 1334 2325 nou

200 2359 274 2428 modo
294 2379 444 2435 veterum
469 2369 612 2434 Pattum
637 2369 826 2435 sedetiam
855 2367 1050 2434 recentiora
1074 2387 1094 2433 a
1119 2365 1257 2434 saeculo
1281 2365 1333 2432 IX
1406 2403 1411 2413 ·

200 2476 341 2554 usquead
363 2476 451 2543 XIX
475 2476 688 2566 interpolata
705 2475 779 2543 sint
802 2483 949 2566 oportet,
968 2497 1083 2543 omnes
1099 2474 1191 2542 enim
1215 2473 1336 2541 catho-

199 2565 243 2637 lici
264 2583 456 2667 profitemur
480 2608 557 2652 cum
582 2598 628 2653 ss.
658 2585 824 2652 Patribus
852 2583 1036 2651 veritatem
1072 2590 1113 2650 ex
1138 2581 1334 2651 oeconomia

200 2691 328 2764 mysterii
344 2692 586 2774 certissimam,
605 2691 741 2760 Patrem
761 2713 834 2760 esse
857 2693 1005 2780 primam
1023 2705 1203 2781 personam
1227 2702 1333 2782 atque

200 2778 254 2855 ileo
274 2796 393 2868 iontem
417 2822 457 2868 ao
481 2801 651 2889 originem
674 2800 762 2868 Filii
779 2808 815 2867 et
839 2801 998 2891 Spiritus
1015 2800 1149 2881 Sancti,
1168 2821 1333 2888 personas

201 2905 394 2976 secundaret
419 2909 556 2976 tertiae.
579 2940 593 2972 a
612 2910 645 2975 A
670 2931 736 3000 quo
761 2908 865 2978 hahet
888 2908 1005 2976 Filius
1025 2917 1065 2975 ut
1081 2909 1130 2975 sit
1154 2908 1260 2989 Deus,
1279 2911 1334 2974 est

201 3001 265 3074 enim
285 3015 320 3084 de
343 3018 413 3084 Deo
437 3017 544 3099 Deus,
564 3018 606 3083 ab
630 3016 692 3084 illo
717 3016 822 3085 habet
846 3017 981 3107 utique,
1009 3022 1052 3084 ut
1074 3016 1180 3083 etiam
1204 3016 1246 3082 ds
1269 3014 1332 3080 illo

201 3120 328 3192 ll⁰00dat
352 3124 509 3211 Spiritus
533 3123 695 3208 sanctus,
714 3149 753 3190 oc
772 3148 836 3214 per
861 3126 919 3190 hoo
943 3125 1097 3213 Spiritus
1128 3125 1272 3193 Sanctus
1294 3134 1334 3186 at

136 3212 141 3221 ’
202 3217 276 3291 ‘llam
295 3229 331 3297 ds
353 3232 449 3300 Filio
474 3230 648 3320 procedat,
678 3233 767 3299 siout
791 3231 945 3322 procedit
969 3231 1010 3298 de
1033 3231 1162 3311 Patre,
1192 3229 1235 3295 ab
1260 3231 1332 3318 ipso

202 3317 274 3500 lala
297 3339 402 3408 Patre
419 3367 436 3402 n
460 3341 556 3430 Aug.
576 3341 612 3408 in
635 3339 687 3409 Io.
718 3349 823 3409 tract.
842 3339 897 3409 99.
917 3364 952 3408 n.
984 3338 1329 3428 8;cont.ll1aximin.

213 3479 218 3496 ·
246 3437 269 3509 Ι.
283 3468 308 3516 c.
326 3450 360 3518 5.

247 3546 273 3637 l)
290 3552 433 3646 Excipit
446 3553 655 3623 Photianus:
674 3555 705 3624 si
721 3563 804 3626 acta
821 3556 1053 3626 conciliorum
1072 3555 1147 3622 sint
1162 3553 1328 3645 genuina,

201 3663 246 3720 n⁰11
264 3670 368 3733 tamen
393 3672 542 3749 constat,
562 3674 682 3733 utrum
706 3655 744 3733 in
767 3666 842 3734 illis
867 3667 909 3734 de
934 3666 1150 3756 processione
1174 3674 1328 3748 aeterna,

201 3770 230 3822 ll
247 3765 279 3836 tle
297 3773 460 3841 missione
483 3773 668 3861 temporali
693 3775 850 3863 Spiritus
874 3775 1035 3844 Sanctia
1060 3774 1164 3840 Patre
1187 3781 1222 3840 et
1236 3771 1330 3841 Filio

200 3878 301 3950 lillur.
324 3880 439 3972 Atqui
464 3879 599 3948 inillis
634 3881 801 3950 Consiliis
826 3883 1015 3951 relationes
1052 3891 1192 3948 mutuae
1217 3870 1330 3972 perso·

135 4030 138 4035 »
200 3984 288 4053 lirum
310 3988 511 4057 divinarum
536 4001 571 4058 et
588 3989 809 4060 characteres
833 3992 968 4081 proprii
983 3990 1181 4081 personales
1202 3989 1332 4061 descri-

247 4161 280 4236 (l)
295 4171 414 4227 constat
439 4188 474 4225 cx
501 4174 560 4228 ista
584 4174 786 4228 wormatiensi
812 4174 996 4241 responsione
1023 4178 1149 4227 «contra
1167 4190 1329 4240 graecorum

200 4235 324 4316 haeresim»
337 4261 426 4338 (apud
435 4264 531 4328 Migne
550 4265 570 4317 l.
586 4263 633 4334 c),
649 4264 806 4317 Concilium
819 4263 952 4318 hortante
964 4265 1078 4318 Nicolao
1089 4266 1227 4319 Pontiflce
1239 4267 1328 4318 luisse

203 4324 299 4404 lllltnm
316 4353 454 4406 adversus
474 4354 571 4406 Photii
594 4355 759 4422 calumnias,
782 4354 855 4408 unde
881 4355 1078 4422 corrigendum
1103 4361 1157 4425 cst,
1174 4355 1246 4424 quod
1267 4354 1328 4408 dixi

202 4413 223 4471 ll
236 4426 350 4496 tractatu
369 4443 412 4499 ad.
432 4445 458 4496 2.
483 4461 511 4512 p.
527 4443 590 4497 467.
603 4450 671 4497 nota
691 4445 716 4499 1.

244 4547 388 4622 imarum,
404 4565 442 4614 De
457 4575 568 4625 procoss.
587 4563 697 4624 Spiritus
713 4562 810 4612 samad.
1219 4563 1235 4610 a
