3120 4988
726 329 899 413 SEOTIO
924 333 988 412 ΙΙΙ.

354 572 403 626 na
430 571 679 629 raorsssrorrn
704 573 962 630 Paooassronrs
988 579 1014 629 a
1039 577 1165 631 aaran
1192 556 1372 640 amoena

620 729 809 784 expansas
836 731 877 785 m
904 729 1087 785 arnecto.

340 997 512 1079 Quamvis
525 1022 662 1068 sensum
679 1001 870 1090 genuinum
883 1002 1016 1072 decreti
1031 1002 1199 1091 Ephesini
1216 1008 1342 1071 conus
1359 1025 1456 1092 sym-

275 1106 390 1174 bolum
413 1107 699 1177 Nestorianorum
724 1110 823 1193 editi,
843 1111 1015 1178 innostro
1038 1111 1210 1179 Tractatu
1226 1110 1334 1180 Theai
1348 1111 1453 1181 XLI.

275 1215 362 1283 satis
386 1216 757 1301 demonstraverimus,
784 1218 941 1307 postulat
964 1227 1080 1287 tamen
1102 1239 1227 1309 scopus
1250 1219 1480 1308 praesentis

274 1322 530 1392 lucubrationis
553 1346 696 1392 examen
719 1335 1015 1413 argumentorum,
1035 1327 1162 1418 quibus
1179 1335 1257 1416 post
1272 1324 1465 1395 Adamum'

276 1430 482 1500 Zoernihaw
504 1441 541 1500 et
565 1432 805 1521 Theophanem
830 1434 1075 1523 Prokopowicz
1098 1435 1276 1503 Macarius
1308 1435 1348 1503 in
1386 1457 1457 1503 sua

280 1541 575 1611 «introductione
597 1543 641 1611 ad
666 1543 924 1632 Theologiamn
943 1545 994 1632 (1)
1012 1570 1045 1636 p.
1064 1545 1143 1612 579.
1161 1567 1237 1636 sqq.
1256 1566 1458 1634 aggressus

277 1655 331 1718 est
354 1648 534 1718 vindicare
557 1650 667 1719 Marci
691 1650 859 1739 Ephesini
877 1651 1093 1742 aliorumque
1106 1659 1263 1720 veterum
1280 1649 1457 1719 schisma·

277 1748 425 1825 ticorum
449 1757 635 1825 absurdam
659 1759 993 1847 interpretationem,
1012 1748 1201 1827 secundum
1215 1780 1318 1850 quam
1342 1758 1457 1828 etiam

278 1866 459 1954 supposita
494 1865 602 1949 bpins
631 1865 775 1935 articuli
800 1867 968 1951 veritate,
995 1869 1072 1937 eins
1094 1874 1212 1939 tamen
1234 1866 1388 1937 insertio
1414 1867 1456 1936 in

278 1974 472 2064 symbolum
497 1976 744 2063 praedamnata
768 1977 872 2046 foret.

344 2082 538 2150 Concilium
561 2083 777 2172 Ephesinnm
800 2085 863 2152 illo
886 2087 1023 2155 decreto
1046 2085 1205 2154 absolute
1228 2083 1457 2175 prohibuisse

279 2193 440 2282 quamvis
463 2192 672 2259 additionem
697 2193 734 2261 in
758 2193 915 2282 symbolo
938 2191 1327 2283 Constantinopolitano
1341 2193 1454 2261 etiam

281 2321 382 2366 verae
406 2321 445 2368 ac
469 2300 645 2368 revelatae
670 2300 862 2385 doctrinae,
879 2325 918 2370 ac
943 2310 1125 2391 propterea
1149 2300 1345 2391 peripsam
1372 2306 1458 2391 par&

279 2405 410 2473 ticulae
434 2407 597 2498 Filioque
619 2409 844 2477 insertionem
874 2407 911 2476 in
935 2431 973 2477 co
1002 2407 1158 2497 symbolo
1181 2408 1378 2477 Ecclesiam
1401 2407 1453 2476 la·

280 2513 393 2582 tinam
416 2515 561 2585 desiisse
584 2539 657 2589 esse
681 2539 799 2586 veram
821 2517 1014 2587 Ecclesiam
1036 2517 1099 2605 (2),
1124 2515 1300 2587 Macarius
1324 2517 1455 2606 probat

354 2758 396 2833 (1)
415 2757 614 2815 Introduction
633 2759 651 2809 a
668 2759 699 2811 la
717 2755 870 2822 l'heologis
889 2750 1044 2811 orthodoxe
1063 2752 1098 2806 ds
1123 2753 1245 2815 iiacaire
1273 2752 1392 2821 Estque
1418 2752 1452 2806 ds
1473 2821 1476 2826 Ι

283 2854 422 2908 Vinnitza
440 2856 493 2906 etc.

355 2941 396 3013 (2)
415 2942 446 2995 si
466 2944 549 3010 paulo
569 2940 740 3006 diligentius
759 2940 896 3008 inspicias
916 2943 945 2994 et
964 2941 1042 2992 inter
1062 2953 1091 2991 se
1105 2951 1256 3003 compares,
1273 2950 1346 3002 quae
1362 2936 1450 2990 Maca·

283 3037 342 3090 rius
356 3036 387 3086 in
407 3036 465 3088 ista
477 3055 489 3081 a
501 3033 713 3086 Introductione
727 3033 762 3085 ad
777 3033 949 3098 theologiam
964 3030 1170 3084 orthodoxam»
1185 3028 1314 3094 disputat
1331 3026 1365 3079 de
1381 3027 1454 3079 notis

286 3139 369 3178 verae
389 3124 541 3190 Ecclesiae,
557 3123 669 3175 videbis
689 3130 770 3172 nolus
790 3121 823 3173 de
843 3122 945 3188 quibus
976 3121 1113 3186 impostor
1143 3118 1263 3170 maxime
1289 3117 1449 3169 sollicitum

286 3231 315 3268 se
335 3215 472 3281 ostendit,
487 3213 615 3266 revocari
630 3212 745 3265 tandem
761 3211 796 3264 ad
812 3212 883 3264 duas
898 3212 1075 3276 negationes.
1089 3208 1236 3274 Pertingit
1248 3207 1310 3274 ipse
1326 3206 1363 3260 ad
1378 3222 1455 3261 snum

286 3321 398 3371 scopum
418 3321 467 3371 per
486 3308 545 3357 tres
566 3307 659 3358 veluti
679 3303 793 3368 gradus.
808 3303 903 3355 Primo
921 3307 954 3353 ut
972 3301 1082 3354 unicam
1101 3307 1196 3351 notum
1210 3313 1295 3351 verae
1309 3298 1461 3352 Ecclesiae

287 3397 393 3451 statuit
413 3412 471 3450 cum
490 3395 722 3449 Protestantibus
741 3395 882 3445 amitalem
902 3392 1058 3442 doctrinas:
1072 3411 1084 3438 n
1096 3391 1215 3454 l’Eglise
1235 3387 1396 3442 orthodoxe
1417 3389 1466 3441 est

288 3490 359 3541 celle
379 3490 427 3554 qui
447 3502 582 3541 conserve
602 3486 755 3551 vraiment,
776 3483 1017 3536 invariablement
1042 3483 1072 3533 la
1090 3479 1217 3533 doctrine
1237 3478 1405 3531 infaillibls
1427 3477 1473 3530 do

288 3579 446 3632 l'ancienne
467 3576 563 3641 Eglise
584 3575 781 3639 oecnmtnique.
800 3594 811 3621 n
836 3562 923 3626 Nemo
939 3574 1014 3623 certe
1028 3571 1076 3638 qui
1093 3570 1231 3623 admittat
1246 3566 1476 3620 revelationem

288 3668 455 3722 catholicam
475 3667 616 3720 obiectivs
636 3667 793 3718 absolutam
813 3678 874 3716 esse
895 3677 944 3728 per
963 3662 1107 3714 Christum
1123 3666 1152 3712 et
1165 3675 1215 3727 per
1228 3659 1370 3725 Spiritum
1393 3658 1493 3711 San»

288 3765 361 3813 ctum
381 3761 411 3811 in
425 3759 581 3826 Apostolis,
599 3758 683 3809 huius
699 3756 835 3823 principii
851 3756 938 3818 negat
953 3750 1174 3817 veritatem3sed
1190 3751 1275 3802 etiam
1291 3765 1373 3801 nemo
1390 3758 1510 3804 san*
1525 3766 1552 3782 ·

289 3852 382 3900 menie
401 3855 496 3914 potest
514 3846 587 3899 illud
607 3846 711 3898 habere
730 3847 810 3897 velut
828 3851 931 3904 notam,
949 3857 1004 3908 qua
1031 3856 1100 3893 vera
1127 3840 1255 3892 Ecclesia
1282 3839 1397 3891 (lhristi
1428 3837 1552 3893 air·

290 3953 457 4003 unoquoque
478 3935 620 4000 distingui
647 3933 740 4000 possit
757 3933 835 3983 inter
859 3930 1002 3982 Ecclesias
1031 3928 1237 3982 commentitias
1262 3941 1334 3994 quae
1361 3922 1552 3981 omns&

290 4031 461 4096 gloriantur,
476 4044 506 4080 se
525 4030 578 4080 hac
597 4026 772 4094 proprietate
792 4023 950 4088 insignitas
970 4036 1041 4086 esse,
1058 4022 1112 4072 imo
1132 4022 1183 4073 hoc
1201 4020 1292 4085 ipsum
1312 4021 1366 4084 est,
1383 3997 1552 4086 quor,

291 4136 342 4188 per
361 4128 442 4173 notas
462 4121 620 4186 quaeritur,
642 4133 778 4184 quaenam
798 4117 838 4168 sit
857 4114 984 4166 Ecclesia
1003 4128 1075 4164 nunc
1094 4126 1266 4164 conservans
1294 4113 1385 4161 totam
1417 4110 1552 4160 inf

290 4209 446 4262 fallibilem
467 4208 623 4260 doctrinam
644 4210 672 4257 et
691 4206 785 4263 omnia
804 4205 943 4256 instituta
961 4201 1106 4254 Ecclesiae
1132 4199 1293 4265 antiquitus
1318 4194 1552 4250 fundatsfl

292 4302 441 4356 aChristo
462 4305 490 4351 et
509 4316 559 4365 per
576 4300 727 4365 Apostolos
748 4300 931 4363 propagatae.

362 4391 445 4450 Vidit
463 4391 533 4444 haec
550 4382 700 4459 Macarius,
716 4402 748 4445 ao
766 4391 916 4458 propterca
934 4380 1022 4449 gradu
1038 4379 1158 4439 secundo
1173 4381 1248 4438 hanc
1262 4393 1342 4437 snam
1359 4380 1552 4432 actast-‘³
