3120 4988
607 315 645 328 -
666 285 705 346 59
728 317 764 328 -

90 387 155 474 (al.
175 388 217 455 de
233 386 336 471 Filii)
358 409 442 474 ergo
466 389 611 475 accepit,
638 402 670 453 et
694 392 809 453 omnia
832 412 921 479 quoe
938 390 1037 456 babet
1054 391 1161 457 Pater
1179 393 1272 458 Filii

91 508 186 577 sunt,
202 517 290 585 quae
308 494 464 582 Spiritus
481 495 633 563 Sanctus
650 496 796 584 accepit;
816 499 902 586 quia
919 521 985 563 noa
1006 497 1131 563 desolo
1149 501 1269 582 Patra,

90 626 154 668 aec
177 602 311 668 desolo
335 604 446 686 Filio,
472 602 529 668 aad
552 603 657 669 simiel
681 603 721 668 de
748 619 894 694 atroque
916 605 1129 692 procedit...
1154 607 1272 676 Solius

93 717 149 776 est
174 709 330 797 Spiritus
355 710 477 779 Sancti
503 709 543 776 de
567 712 676 778 Porro
698 727 730 777 et
753 712 849 779 Filio
871 716 1069 801 proprietas
1102 715 1172 778 isto
1195 738 1273 801 pro-

94 819 276 907 canionis„
294 818 395 886 cuius
419 825 473 886 est
496 842 574 887 cum
598 820 704 886 Patre
729 829 765 889 et
787 820 881 887 Filio
906 829 1036 887 natura
1059 823 1271 889 communiae

94 930 161 1012 (exi
178 927 396 1014 processione
429 926 797 1012 consubstantialitas)
821 928 991 1016 Fulgent.
1009 934 1102 996 cont.
1121 928 1270 997 Fabian.

96 1033 300 1120 fragmffl.
1101 1051 1104 1056 ’

163 1140 223 1207 Ad
246 1163 288 1207 ea
322 1139 491 1230 denique,
518 1125 679 1232 quiade
715 1142 958 1211 incarnatione
982 1143 1102 1211 Patris
1126 1149 1163 1211 et
1185 1141 1274 1209 Filii

94 1245 276 1320 Macarius
301 1248 503 1316 somniando
528 1250 682 1338 scripsit,
709 1252 808 1339 pueri
833 1253 1110 1339 respondebunt,
1137 1252 1198 1342 qui
1222 1251 1275 1319 di·

97 1353 264 1422 dicerunt
298 1355 498 1423 rudimenta
526 1357 706 1425 doctrinae
731 1358 958 1426 christianae.
986 1359 1093 1426 Pater
1129 1363 1276 1447 generat

95 1460 233 1528 Filium
256 1465 567 1535 communicatione
591 1468 742 1533 omnium
767 1491 855 1558 quae
879 1473 964 1534 sunt
979 1467 1110 1549 Patris,
1130 1472 1276 1554 excepta

98 1571 175 1640 sola
197 1573 426 1659 paternitate,
445 1597 515 1664 qua
529 1575 614 1641 'sola
630 1598 651 1640 a
665 1574 759 1641 Filio
776 1574 1027 1662 distinguitur3
1043 1580 1079 1641 et
1094 1583 1276 1662 propterea

97 1678 166 1746 illa
189 1679 306 1746 omnia
330 1703 418 1770 quae
442 1686 526 1748 sunt
541 1681 637 1748 Filio
661 1683 917 1750 communicata
932 1704 954 1748 a
970 1682 1087 1765 Patre,
1107 1688 1192 1748 sunt
1208 1681 1278 1747 nti·

101 1788 299 1878 quostiam
330 1788 468 1872 Patris,
494 1811 606 1880 aquo
636 1792 952 1859 communicantur.
979 1789 1046 1858 Sed
1077 1789 1184 1856 Pater
1208 1810 1277 1854 non

67 1892 70 1897 ’
101 1903 249 1983 generat
271 1894 404 1963 Filium
428 1898 709 1965 communicando
734 1900 920 1966 humanam
944 1903 1120 1978 naturam,
1139 1900 1175 1962 et
1199 1916 1278 1982 pro-

103 2002 184 2070 inde
208 2002 325 2070 Filius
349 2027 416 2070 non
440 2003 547 2072 habet
570 2015 733 2074 naturam
751 2006 938 2073 humanam
952 2005 1174 2094 peroratione
1191 2025 1276 2066 oom-

103 2113 314 2176 muaioatam
330 2133 351 2178 a
366 2110 485 2196 Patre,
505 2113 565 2180 sed
590 2113 695 2182 habet
710 2135 783 2182 eam
804 2137 871 2181 una
887 2112 1060 2205 communi
1077 2110 1277 2199 operatione

105 2218 298 2286 Trinitatis
321 2219 358 2284 in
382 2225 534 2308 tempore
547 2221 731 2288 formatam
749 2234 784 2289 et
800 2243 884 2289 suae
902 2219 1077 2309 singulari
1095 2239 1135 2286 ac
1151 2218 1277 2286 distin·

106 2332 182 2394 ctae
205 2326 390 2416 hypostasi
414 2330 563 2398 unitam.
590 2329 689 2410 Quod
713 2353 797 2418 ergo
814 2331 930 2395 omerio
946 2327 1067 2395 divino
1089 2348 1150 2415 per
1175 2346 1279 2414 gene·

107 2434 277 2501 rationem
302 2436 555 2503 communicata
576 2435 683 2518 Filio,
710 2446 795 2503 sunt
818 2437 926 2503 etiam
948 2434 1074 2502 Patris
1093 2433 1279 2527 communi-

109 2542 242 2629 cantis;
270 2541 351 2610 inde
387 2542 462 2611 sola
496 2543 613 2632 logica
635 2543 811 2611 Photiana
844 2545 975 2611 inferre
998 2542 1130 2630 poterit
1164 2561 1281 2609 conse·

110 2673 239 2740 quens,
265 2651 370 2718 etiam
402 2653 517 2716 omnia
546 2643 808 2742 tumaaa'qnae
831 2674 900 2719 non
932 2650 1157 2739 generatione
1188 2672 1281 2716 corn-

110 2757 334 2825 mnnicantur
357 2778 378 2823 a
400 2757 529 2841 Patre,
555 2759 617 2825 sed
641 2759 678 2825 in
702 2767 854 2847 tempore
880 2782 900 2825 a
923 2757 1027 2825 Patre
1059 2766 1095 2824 et
1117 2755 1212 2823 Filio
1247 2761 1282 2823 et

111 2862 247 2952 Spiritu
282 2863 411 2932 Sancto
445 2864 630 2953 hypostasi
654 2865 764 2952 Verbi
800 2864 993 2950 uniuntur,
1032 2863 1149 2931 eodem
1184 2862 1282 2929 modo

111 2971 183 3040 fore
205 2970 314 3039 etiam
338 2970 439 3062 unita
463 2956 647 3060 hypostasi
669 2970 802 3039 Patris.

153 3146 185 3220 g.
203 3137 270 3208 IV.
296 3134 347 3199 De
369 3135 550 3216 relatione,
576 3130 647 3225 pua
671 3150 719 3201 est
742 3149 775 3200 et
798 3131 930 3200 dicitur
954 3131 1112 3221 Spiritus
1135 3128 1234 3197 Filii.

174 3297 325 3387 Egimns
348 3296 386 3364 in
410 3296 518 3364 Theai
541 3295 695 3364 XXXII.
721 3297 763 3363 de
787 3294 956 3363 relatione
981 3292 1137 3382 Spiritus
1161 3289 1284 3358 Sancti

112 3409 153 3476 ad
177 3407 318 3474 Patrem
344 3406 526 3473 etFilinm
552 3428 593 3471 ex
618 3404 854 3472 declaratione
872 3401 1098 3492 proprietatis
1116 3400 1281 3486 hyposta-

113 3515 202 3584 ticae
227 3514 264 3583 in
288 3514 483 3602 Scriptnris
506 3513 694 3600 proposita,
715 3513 805 3602 quod
830 3488 1037 3579 sit‘retoaoe
1051 3509 1206 3595 Spiritus
1223 3528 1285 3572 seu

113 3628 266 3712 epirotae
289 3623 378 3688 sicar
403 3622 524 3688 Patrio
559 3622 613 3685 ita
636 3633 668 3685 et
691 3621 804 3699 Filii,
831 3619 905 3687 siva
938 3618 1029 3708 quod
1064 3614 1207 3703 perinde
1231 3620 1286 3681 est

116 3731 200 3819 (nisi
223 3730 268 3799 ad
298 3729 454 3800 Nestorii
484 3726 692 3796 divisionem
729 3726 911 3795 deflectere
948 3724 1097 3807 velint),
1131 3722 1286 3808 Spiritus

117 3951 160 4002 tus
178 3947 208 4003 S.
224 3946 342 4012 eiusque
360 3944 567 4012 processionem
587 3958 623 3995 ex
641 3943 807 3996 substantia
832 3942 939 4006 Patris,
960 3939 1159 4006 supponebant
1178 3940 1225 3991 vel
1246 3936 1287 3989 di-

118 4044 190 4092 certe
218 4036 403 4089 assumebant
421 4032 467 4106 (nt
485 4035 513 4088 h.
531 4035 550 4086 l.
566 4029 755 4102 Augustinus)
775 4033 1019 4098 processionema
1046 4028 1123 4080 Filio
1155 4027 1287 4080 enuntia·

119 4131 173 4180 tam
190 4127 239 4179 his
254 4125 328 4191 ipsis
343 4125 441 4183 uerbis
459 4124 491 4174 de
507 4139 564 4173 meo
588 4121 714 4186 accipiet,-
726 4126 811 4188 atque
831 4120 898 4173 inde
919 4134 953 4170 ex
973 4118 1070 4172 verbis
1090 4116 1286 4183 sequentibus,

119 4217 210 4268 omnia
230 4227 417 4281 qaaecumque
434 4215 516 4264 tobei
536 4213 620 4262 Pater
643 4227 702 4261 mec
729 4219 804 4276 saar,
820 4209 1056 4261 demonstrabant
1079 4207 1288 4283 processionem

119 4307 257 4367 eiusdem,
271 4305 397 4372 Spiritus
423 4306 509 4357 etiam
530 4320 546 4358 a
564 4304 658 4368 Patre,
681 4302 714 4353 de
735 4318 789 4370 qua
813 4306 876 4355 erat
898 4299 1095 4356 controversia
1124 4299 1232 4352 directa
1259 4298 1289 4348 et

119 4399 250 4467 princeps
269 4400 369 4450 contra
387 4396 456 4448 illos
483 4391 760 4462 pneumatomachos.
