3120 4988
827 325 865 341 -
885 293 944 358 306
965 325 1003 341 —

334 409 391 476 nis
415 405 641 497 praedicatio,
668 403 785 471 inanis
808 410 844 473 et
868 402 952 469 fides
975 401 1165 487 Ecclesiae,
1192 403 1222 470 si
1246 404 1353 495 (quod
1382 431 1398 464 c
1417 409 1502 474 vete

335 523 497 584 ratores»
524 515 639 581 dicere
662 512 806 596 audent)
830 533 891 600 per
916 511 1167 599 susceptionem
1192 511 1338 580 articuli
1362 511 1445 581 fidei
1467 513 1502 580 in

335 622 530 713 symbolum
554 620 807 688 oecumenicum
838 619 967 687 factam
999 620 1041 685 ab
1066 619 1233 688 universa
1262 619 1426 688 Ecclesia
1449 621 1502 690 do-

337 739 445 812 cente,
466 728 594 798 rotenti
612 734 672 816 per
696 727 809 794 multa
833 726 972 793 saecula
990 733 1025 793 et
1041 726 1186 794 solemni
1204 727 1421 816 professione
1437 751 1500 796 cre·

335 839 404 909 diti
431 859 452 904 a
480 844 554 904 tota
580 835 751 914 Ecclesia,
770 857 830 903 nec
848 833 960 925 quoad
985 834 1129 900 formam
1154 835 1353 924 legitimum
1378 837 1514 906 iusde'

336 954 563 1029 monstratur,
581 967 643 1012 nec
665 943 776 1034 quoad
802 943 981 1010 materiam
1005 949 1142 1011 constat
1166 943 1208 1012 de
1233 946 1389 1014 veritate
1413 969 1501 1014 reve·

334 1056 428 1143 lata,
456 1056 514 1123 sed
533 1075 625 1122 mera
642 1053 769 1142 opinio,
786 1073 872 1143 quae
891 1051 1031 1140 impune
1048 1053 1171 1139 negari
1188 1060 1305 1144 queat,
1321 1055 1502 1145 illegitime

335 1165 476 1244 intrusa
505 1163 579 1231 fuit
608 1161 702 1229 inter
725 1159 895 1228 articulos
925 1158 1007 1227 fidei
1039 1161 1103 1227 suh
1134 1183 1241 1249 poena
1271 1154 1501 1234 anathematis

336 1271 525 1341 credendos
549 1278 584 1337 et
607 1270 651 1336 ab
675 1269 833 1336 omnibus
858 1267 1020 1335 fidelibus
1044 1268 1209 1357 explicite
1233 1271 1401 1340 creditos.

403 1378 503 1460 Quod
528 1377 660 1444 dicitur
678 1376 719 1443 de
736 1374 986 1456 controversia,
1003 1397 1091 1466 quae
1107 1384 1259 1465 tempore
1275 1383 1502 1470 susceptionis

337 1486 483 1556 articuli
509 1484 545 1552 in
570 1484 766 1575 symbolum
789 1484 858 1551 iam
875 1483 1045 1573 viguerit,
1065 1484 1255 1552 absurdum
1273 1495 1341 1556 est.
1370 1487 1502 1557 Contro-

278 1592 286 1609 ‘
336 1597 453 1667 versia
477 1585 562 1664 haec
584 1592 677 1660 nihil
701 1598 777 1660 erat
801 1591 912 1675 aliud,
940 1614 1042 1683 quam
1067 1593 1299 1663 contradictio
1321 1595 1502 1668 haeretico·

336 1727 414 1773 rum
438 1701 702 1784 Photianorum,
721 1722 763 1768 ex
789 1720 858 1792 qua
881 1699 970 1788 ipsa,
990 1700 1084 1768 sicut
1106 1699 1143 1766 in
1160 1699 1243 1769 aliis
1258 1704 1441 1795 plerisque
1456 1707 1503 1774 de-
1555 1772 1559 1786 ,

337 1809 557 1880 finitionibus
587 1806 669 1876 fidei
694 1807 847 1891 accidit,
874 1813 952 1874 orta
976 1813 1030 1874 est
1053 1807 1242 1875 necessitas
1265 1809 1502 1901 explicatioris

336 1916 587 1988 declarationis
610 1922 645 1983 et
669 1914 896 1983 instantioris
920 1913 1206 2002 praedicationis,
1224 1922 1331 2009 atque
1355 1919 1500 1989 adhunc

336 2027 438 2094 finem
461 2025 575 2116 ipsius
608 2023 807 2114 particulae
837 2026 901 2115 qui
925 2047 947 2088 c
969 2024 1076 2091 Patre
1092 2023 1263 2112 procedit,
1290 2026 1328 2094 in
1354 2028 1501 2116 symbolo

337 2132 727 2224 Constantinopolitano
761 2132 951 2222 explicatio
975 2131 1150 2201 catholica
1180 2155 1222 2202 ex
1248 2133 1449 2226 Scripturis
1469 2159 1502 2206 ac
1543 2140 1545 2144 ’

337 2249 413 2313 tota
436 2241 594 2312 unanimi
619 2240 824 2309 'traditione
847 2238 1010 2330 repetita.

328 2422 330 2427 ,
407 2352 438 2440 b)
463 2349 757 2438 Superadduntnr
781 2349 849 2418 duo
874 2348 1146 2417 contradictoria
1166 2348 1259 2418 inter
1282 2373 1321 2419 ee
1338 2353 1505 2422 consarci-

338 2466 435 2544 nata,
454 2480 542 2550 quac
566 2458 701 2526 nescias
718 2456 801 2549 quid
818 2457 886 2524 sibi
904 2454 1028 2526 velint.
1048 2454 1243 2526 Christiani
1264 2457 1504 2545 occidentales,

338 2566 469 2658 inquit,
490 2565 660 2635 abiiciant
684 2587 727 2632 ex
751 2564 908 2653 symbolo
930 2562 1179 2652 professionem
1205 2563 1368 2653 Spiritus
1394 2568 1506 2638 Sancti

340 2673 560 2765 procedentis
584 2694 605 2739 a
628 2674 734 2740 Patre
756 2671 931 2762 Eilioqne',
950 2670 1056 2739 simul
1080 2694 1163 2740 vero
1187 2693 1285 2739 suam
1303 2676 1507 2744 sententiam

340 2783 573 2872 theologicam
598 2781 787 2850 retineant.
816 2780 855 2849 Si
873 2778 1125 2850 «Christianos
1140 2779 1409 2852 occidentalesn
1428 2784 1509 2853 dicit

340 2891 556 2975 haereticos,
583 2889 644 2982 qui
668 2888 939 2957 nullos'habent
964 2887 1133 2957 articulos
1156 2887 1299 2957 divinae
1323 2890 1408 2962 fidei
1431 2892 1508 2961 irre·

341 2998 567 3082 formabilcs,
594 2997 654 3066 sed
678 2996 858 3085 opiniones
894 2996 1079 3064 dumtaxat
1101 3019 1163 3085 pro
1187 3019 1224 3064 re
1249 3003 1336 3067 nata
1369 3023 1511 3070 commn-
1539 3041 1545 3057 =

341 3106 469 3174 tendas
485 3107 522 3173 in
539 3105 630 3174 alias
653 3110 759 3195 atque
782 3102 885 3190 alias}
905 3103 933 3171 ii
948 3102 1012 3171 hoc
1029 3103 1105 3193 ipso
1122 3103 1259 3171 nullum
1276 3104 1410 3176 habent
1425 3131 1510 3197 eym-

342 3215 457 3282 bolum
482 3213 576 3297 fidei,
597 3213 656 3281 ised
677 3212 803 3280 seriem
819 3212 910 3280 forte
927 3211 1102 3303 quandam
1117 3210 1369 3301 religiosarum
1385 3217 1510 3306 opinio·

340 3347 435 3391 num.
462 3321 524 3389 Illi
547 3321 663 3410 igitur
685 3342 754 3388 non
779 3318 842 3387 hoc
867 3319 978 3388 solum
1002 3318 1155 3388 articulo
1180 3320 1240 3388 sed
1256 3324 1332 3388 toto
1357 3325 1510 3412 symbolo

341 3429 423 3497 fidei
446 3427 575 3496 reiecto
599 3425 643 3494 ad
668 3424 916 3494 veteratoriam
940 3425 1140 3493 societatem
1164 3424 1269 3494 facile
1287 3429 1510 3515 convenient,

341 3560 410 3605 non
433 3535 469 3603 in
495 3533 667 3604 communi
689 3532 811 3624 aliqua
832 3532 987 3621 positiva
1022 3533 1237 3603 confessione
1261 3535 1384 3603 sedin
1408 3560 1509 3628 nega·

339 3645 434 3712 tione
457 3642 541 3711 fidei
565 3641 761 3713 fundatam.
788 3640 827 3709 Si
844 3649 962 3711 autem
979 3641 1172 3711 Ecclesiam
1189 3642 1412 3730 catholicam,
1428 3669 1511 3738 quac

342 3761 495 3822 ceterum
525 3751 637 3819 nullis
652 3751 782 3817 finibus
798 3750 1063 3837 circumscripta
1079 3773 1148 3818 non
1165 3751 1251 3824 solis
1270 3751 1512 3823 «Christianis

342 3860 617 3932 occidentalibus
632 3889 647 3922 n
683 3863 843 3942 constat,
876 3857 1128 3927 Reinkensiani
1162 3863 1287 3949 putent
1323 3860 1448 3932 dehere
1480 3869 1513 3934 et

343 4001 360 4035 a
378 3992 476 4038 suam
501 3967 711 4037 sententiam
743 3966 1006 4055 theologicam„
1032 3967 1201 4053 retinere,
1227 3991 1316 4058 quae
1340 3973 1511 4040 sententia

340 4101 408 4146 non
431 4078 504 4144 alia
527 4081 581 4145 est
605 4096 707 4168 quam
730 4074 1025 4144 incommutabilis
1054 4075 1176 4144 divina
1199 4075 1284 4144 fides
1313 4079 1352 4145 in
1377 4101 1509 4168 proces·

340 4185 469 4254 sionem
495 4184 651 4272 Spiritus
676 4181 798 4252 Sancti
822 4204 843 4250 a
865 4185 971 4251 Patre
995 4182 1171 4275 Filioque,
1192 4192 1228 4253 et
1251 4185 1358 4253 simul
1383 4188 1511 4256 verita·

341 4300 411 4362 tem
435 4292 614 4361 delinitam
638 4313 678 4360 ac
695 4292 863 4361 creditam
886 4313 928 4359 ex
953 4314 1057 4360 censu
1081 4292 1312 4362 articulorum
1335 4295 1418 4364 fidei
1434 4296 1510 4365 reii-

341 4425 438 4490 cere,
465 4402 620 4491 profecto
644 4400 907 4470 affirmationem
930 4406 967 4470 et
985 4400 1204 4492 negationem
1221 4400 1379 4473 eiusdem
1396 4427 1508 4475 secun·
1533 4446 1537 4451 ·

341 4512 424 4581 dum
447 4509 538 4580 idem
561 4509 792 4601 coniungunt.
