3158 4980
631 327 669 340 -
690 294 729 356 25
749 328 788 341 ..

124 400 275 490 originis
300 422 466 490 personae
489 401 615 470 missae
638 402 683 470 ad
706 401 866 488 alteram,
886 425 906 470 a
930 426 1000 495 qua
1023 405 1192 494 mittitur,
1223 411 1298 480 sola

123 517 178 578 est
200 530 320 593 eausa,
342 517 382 576 ut
397 507 624 597 Augustinus
640 533 741 600 saepe
757 512 868 596 doeet,
889 534 951 579 eur
968 514 1072 584 Pater
1096 540 1297 609 numquam,

123 620 269 707 genitus
293 640 375 686 vero
390 617 509 685 Filius
524 640 545 684 a
561 618 731 706 genitore,
752 618 909 709 Spiritus
926 620 1077 690 Sanetus
1093 625 1137 691 ab
1154 631 1301 718 utroque

120 728 253 797 missus
278 727 422 796 dicatur
441 727 477 794 in
503 726 711 816 seripturis.
957 811 959 815 .

191 837 259 904 Sed
283 834 509 905 adversarius
532 856 657 901 novam
681 835 813 924 reperit
836 835 1019 921 rationem,
1039 860 1140 928 quam
1156 845 1242 930 puto
1259 863 1302 909 ne

123 945 200 1015 suis
225 945 361 1036 quidem
387 944 622 1033 persuadebit,
642 966 703 1012 our
720 943 826 1012 Pater
851 945 978 1013 missus
995 970 1180 1039 numquam
1207 946 1301 1017 dioa'-

122 1062 198 1142 tur,
220 1052 516 1146 quianimirum,
548 1051 702 1120 Macerio
726 1058 840 1136 teste,
871 1054 971 1121 Patri
1002 1055 1101 1122 nulla
1125 1057 1300 1127 tribuitur

122 1160 357 1250 partiourlaris
380 1159 473 1228 aetio
496 1160 533 1226 in
557 1160 685 1228 mundo
709 1159 771 1249 (1).
801 1158 916 1228 Multa
940 1161 983 1228 ab
1017 1161 1154 1230 homine
1179 1172 1300 1232 eontra

122 1269 312 1338 veritatem
337 1273 518 1358 pugnante
534 1275 682 1357 possunt
704 1267 773 1336 diei
790 1268 954 1355 absurda;
973 1269 1032 1336 sed
1049 1268 1147 1354 haee,
1168 1270 1297 1353 fateor,

122 1400 260 1445 omnem
283 1399 391 1444 meam
427 1376 591 1445 vicerunt
625 1376 932 1465 exspectationem.
963 1376 1056 1444 Vera
1079 1384 1135 1445 est
1158 1378 1296 1445 omnino

121 1484 318 1575 propositio
334 1483 525 1571 eontraria3
545 1483 627 1575 quia
643 1505 761 1573 nempe
777 1485 885 1548 omnis
899 1482 1021 1549 diviua
1037 1487 1191 1573 operatio
1202 1487 1302 1573 prin-

123 1594 301 1681 cipaliter,
321 1597 362 1659 ut
384 1591 542 1682 loquitur
565 1591 810 1680 AugustinuS,
843 1593 900 1661 vel
924 1595 1100 1683 tamquam
1120 1595 1299 1682 principio

118 1699 474 1790 primordiali(oitrtqc
493 1705 788 1792 προκαταρκτικῃ)
798 1724 858 1769 seu
873 1701 1000 1766 lumini
1008 1714 1191 1790 prototypo
1202 1706 1300 1790 (porr

123 1809 354 1899 πρωτοτυπῳ)
370 1808 433 1894 (2),
453 1813 494 1874 ut
509 1807 688 1897 explicant
702 1811 827 1877 Patres
842 1809 972 1898 graeei,
991 1808 1162 1877 tribuitur
1184 1809 1299 1894 Patri,

124 1922 248 2005 eatque
271 1915 308 1983 in
339 1914 445 1983 Patre
468 1938 536 1983 non
572 1916 826 1985 eommunioata
848 1917 892 1983 ab
931 1914 1000 1983 alio
1024 1914 1199 2006 principio
1231 1915 1296 2003 (3)=

200 2147 242 2221 (l)
259 2151 333 2203 Mais
353 2151 382 2203 la
400 2149 653 2204 Sainte-Eoriturs
678 2153 871 2207 n'attribusnt
898 2166 933 2203 au
961 2153 1031 2204 Pero
1061 2167 1171 2203 aueum
1202 2150 1297 2202 action

120 2240 311 2308 pertimuere
323 2241 395 2293 dune
409 2243 435 2293 le
445 2241 552 2308 mortuis,
568 2242 591 2293 il
607 2244 681 2295 n'est
695 2244 778 2310 point
793 2245 943 2309 etonnaut,
961 2243 1065 2309 qu'elie
1079 2258 1114 2294 ne
1129 2243 1296 2308 representa

124 2349 180 2400 pas
199 2333 227 2385 ie
246 2333 317 2385 Pers
337 2347 439 2385 comme
457 2334 566 2398 envoye
585 2347 637 2400 par
655 2334 682 2385 le
701 2333 764 2386 rus
782 2338 813 2386 et
830 2335 858 2387 la
876 2333 1079 2400 saint-Esprit
1098 2351 1126 2401 p.
1141 2333 1203 2387 334.

180 2417 242 2494 (2)
257 2418 302 2497 ’Ἔν
322 2442 440 2493 περινοιᾳ
457 2442 506 2493 μεν
527 2441 571 2473 του
590 2419 736 2492 ἅγεννητου
766 2436 848 2494 quisq
876 2445 1068 2487 κατασταντες,
1093 2422 1191 2479 inertes
1218 2431 1300 2479 παλιν

128 2532 157 2564 ro
181 2511 204 2578 ’ξ
222 2509 306 2566 dureo
325 2526 377 2584 φως
397 2535 467 2568 κατα
486 2534 515 2566 το
536 2533 669 2585 προσεχες
689 2513 834 2587 ε’νοησαμεν
855 2513 906 2569 ὄιον
926 2513 1022 2569 dusera
1036 2535 1095 2569 τινα
1110 2537 1141 2585 τῳ
1156 2516 1220 2585 ήλιῳ
1240 2535 1301 2570 συν·

128 2614 364 2673 opteramum..
386 2625 429 2657 και
451 2609 531 2658 rubra
559 2604 645 2675 ἕτερον
667 2624 784 2657 τοιουτου
805 2618 872 2676 quq,
892 2627 964 2658 κατα
983 2622 1026 2658 rot
1046 2601 1127 2658 eiures
1147 2627 1253 2679 τροπον,
1272 2607 1301 2661 o'u

128 2717 239 2767 χρονικῳ
253 2718 302 2749 τινι
323 2702 486 2768 διαστηματι
501 2717 546 2750 του
562 2716 687 2768 presuras
701 2709 783 2768 φωτος
798 2695 1020 2770 ἄποτεμνομενον,
1030 2697 1105 2752 ἄλλα
1120 2702 1142 2751 δι
1158 2696 1240 2751 oiorou
1255 2718 1303 2768 pm

128 2782 277 2858 ἕκλαμπον,
298 2809 343 2847 την
363 2793 389 2843 δε
406 2809 452 2849 της
468 2789 636 2850 ὁποστασεος
651 2785 739 2842 durrus
755 2789 817 2860 ἕχον
835 2786 861 2841 ἔκ
884 2808 1053 2860 πρωτοτυπου
1072 2801 1155 2859 poreq
1174 2789 1300 2856 Nysaea.

127 2882 220 2933 oontr.
236 2879 356 2936 Eunom.
372 2881 393 2936 l.
407 2882 433 2933 Ι.
446 2878 555 2952 (Migna
574 2881 606 2934 Τ.
619 2881 705 2934 XLV.
717 2896 745 2946 p.
760 2875 828 2953 416)

199 2967 241 3041 (3)
261 2971 375 3024 «Pater
392 2986 470 3023 meua
489 2986 578 3038 usqne
598 2969 678 3024 modo
698 2975 841 3037 operetur,
856 2972 885 3022 et
899 2986 950 3035 ego
964 2984 1109 3037 operor...
1129 2985 1186 3022 non
1206 2973 1303 3036 potest

128 3056 224 3110 Filius
243 3074 260 3110 a
279 3073 309 3110 ae
328 3059 420 3111 faeere
441 3059 606 3127 quidquam,
621 3059 680 3113 nisi
699 3059 772 3126 quod
787 3057 897 3112 viderit
911 3059 1024 3112 Patrem
1038 3057 1200 3125 facientem,
1217 3073 1300 3125 quas·
1336 3103 1340 3113 .

129 3164 248 3215 eumque
268 3149 344 3202 enim
364 3151 416 3202 ille
434 3151 545 3219 feeerit,
563 3152 632 3204 haee
651 3155 681 3203 et
699 3150 794 3203 Filius
815 3149 952 3202 similiter
971 3149 1051 3202 feeit.
1071 3150 1157 3201 Pater
1175 3150 1296 3202 enim...

129 3239 225 3292 omnia
243 3239 421 3293 demonstrat
439 3242 475 3308 ei,
493 3257 563 3309 qnae
583 3243 643 3306 ipse
663 3241 736 3293 fauit
738 3278 803 3293 ......
824 3241 899 3293 sieut
916 3240 1003 3292 Peter
1022 3239 1147 3292 suscitet
1175 3244 1300 3291 mortuos
1343 3237 1345 3241 ’

130 3335 158 3383 et
177 3331 318 3399 viviticat,
333 3333 374 3386 sio
392 3335 422 3386 at
440 3333 542 3400 Filius,
560 3349 629 3399 quos
648 3332 723 3399 vult,
739 3332 870 3386 vivificat
873 3370 939 3387 ......
962 3333 1030 3398 Ipsa
1048 3346 1135 3397 opera
1154 3345 1227 3396 qnae
1251 3344 1302 3394 ego

128 3420 212 3489 isoio,
228 3421 424 3475 testimonium
443 3423 596 3489 perhibent
616 3422 649 3474 de
669 3437 721 3488 me,
739 3421 806 3487 quia
825 3422 911 3473 Pater
930 3420 1011 3472 misit
1029 3434 1081 3485 me,
1103 3421 1133 3469 et
1153 3418 1202 3484 qui
1222 3417 1303 3470 misit

130 3528 172 3564 ure
185 3514 283 3582 Pater,
306 3514 499 3566 testimoninm
521 3513 668 3580 perhibuit
686 3512 719 3565 de
738 3528 780 3564 me
797 3532 808 3561 n
825 3513 866 3564 Io.
881 3513 916 3565 V.
932 3511 975 3563 17.
992 3526 1056 3576 sqq.
1074 3511 1188 3561 «Pater
1207 3510 1238 3560 in
1259 3525 1301 3562 me

130 3605 405 3672 manens‘ipsefacit
417 3620 524 3671 operas
540 3602 612 3657 ibid.
627 3604 705 3656 xiv.
719 3603 762 3654 10.
776 3602 853 3654 Haeo
867 3605 896 3653 et
910 3601 957 3652 his
969 3601 1081 3665 gemina
1094 3599 1191 3652 ubivis
1205 3599 1299 3667 obvia,

130 3686 290 3746 Photienus
309 3699 549 3759 regaturnegare5
568 3691 677 3744 unulla
690 3691 764 3744 enim
784 3691 971 3758 particularis
994 3688 1121 3756 operatio
1143 3689 1173 3741 in
1200 3688 1301 3742 munde

130 3783 270 3837 tribuitur
279 3785 371 3849 Patri;
388 3783 537 3850 »protecto
548 3786 641 3835 autem
651 3797 746 3849 opera,
758 3780 792 3833 de
812 3781 916 3846 quibus
929 3779 1026 3846 agitur
1039 3817 1044 3844 ,
1065 3776 1216 3830 suscitatio
1231 3793 1299 3831 mor·

132 3876 257 3939 tuorum,
272 3873 468 3926 testimonium
481 3871 578 3925 Patris
591 3870 625 3923 de
639 3872 725 3937 sirio,
741 3875 809 3923 sunt
824 3869 1004 3936 operationes
1018 3866 1219 3934 particulares,
1242 3884 1303 3921 eae-

131 3981 183 4031 que
197 3981 294 4018 omnes
304 3967 340 4018 ab
352 3967 415 4033 ipso
428 3966 504 4019 Filio
512 3964 714 4031 principaliter
724 3962 890 4015 tribuuntur
901 3962 992 4016 Petri.
1004 3961 1061 4013 Aut
1075 3973 1141 4011 vero
1154 3959 1184 4012 in
1197 3960 1304 4012 Russie

131 4057 280 4111 dicendum
294 4059 360 4123 erit,
375 4073 470 4111 omnes
485 4057 539 4107 hae
555 4054 735 4121 operationes
753 4052 971 4105 oommnuioatas
990 4067 1006 4103 a
1025 4052 1110 4102 Patre
1130 4049 1161 4100 in
1183 4049 1302 4117 Filium,

132 4147 205 4202 sieut
215 4148 413 4201 demonstrant
425 4147 511 4199 huius
520 4145 684 4197 missionem
697 4143 731 4194 ab
743 4144 805 4208 illo,
819 4142 862 4194 ita
873 4156 929 4192 non
942 4140 1034 4191 minus
1045 4137 1239 4191 demonstrare
1251 4139 1302 4190 Pa-

131 4242 202 4292 trem
213 4240 330 4293 missum
341 4254 358 4291 a
368 4237 454 4303 Filio,
471 4251 505 4288 sx
520 4232 805 4301 quasapientissima
816 4231 945 4284 doctrina
967 4233 1068 4296 sponte
1090 4228 1193 4281 deinde
1207 4242 1302 4281 eonse-

134 4333 243 4395 quetnr,
265 4329 488 4398 propositionem
502 4327 588 4380 toties
605 4323 880 4377 achristoDomino
902 4321 1064 4387 repetitam,
1085 4339 1097 4368 a
1117 4320 1204 4372 Peter
1223 4317 1304 4369 misit

132 4433 173 4471 me
184 4439 209 4489 a,
223 4435 286 4474 asae
296 4434 482 4486 synonymum
491 4417 559 4470 huie
569 4415 657 4469 alteri
667 4413 802 4467 haetenus
813 4411 972 4485 inauditae:
987 4431 1000 4458 a
1010 4426 1061 4477 ego
1072 4410 1138 4463 misi
1148 4410 1272 4462 Patrem.
1287 4426 1300 4456 e
