3120 4988
681 274 857 338 -182-

192 381 324 450 dictum
347 385 413 465 est,
439 400 461 446 a
482 380 650 449 trecentis
673 381 787 449 decem
810 385 846 450 et
869 386 945 449 octo
969 403 1016 448 ss.
1037 378 1219 465 Patribus,
1248 387 1288 449 et
1313 403 1371 448 ex·

192 489 367 579 planetam
391 509 412 554 a
436 495 572 555 centum
596 488 855 579 quinquaginta
877 512 924 556 ss.
944 487 1157 556 Patribus.»

257 596 450 684 Imperator
473 593 637 662 nimirum
662 595 698 662 in
723 603 885 663 contextu
906 599 1042 684 spectat
1064 600 1199 685 partem
1222 597 1369 684 dogma-

192 703 297 772 ticam
314 703 457 786 decreti,
473 703 766 794 quudsuumquam
781 703 867 771 licet
882 705 981 771 edere
996 703 1259 792 professionem,
1276 726 1369 794 quae

193 811 243 878 sit
263 812 340 876 clia
364 815 502 901 praeter
524 810 623 876 illam
648 832 750 878 unam
775 810 876 878 fidem
900 815 935 879 et
958 811 1194 880 definitionem
1222 812 1263 878 in
1290 819 1370 880 tota

192 920 353 988 doctrina
376 918 532 987 revelata
556 943 577 984 a
599 918 740 987 Christo
764 926 798 986 et
822 920 999 1008 proposita
1029 920 1073 986 ab
1095 918 1260 988 Ecclesia
1283 920 1365 988 Dei.

192 1029 330 1095 Partem
354 1047 437 1093 vero
461 1024 732 1113 disciplinerem,
752 1027 843 1117 quod
860 1027 1009 1094 mutatio
1032 1028 1138 1094 etiam
1163 1026 1368 1094 materialis

192 1136 229 1203 in
254 1133 410 1223 symbolo
433 1132 578 1201 solemni
602 1156 642 1202 ac
666 1134 861 1203 universali
884 1135 1043 1222 legitime
1066 1136 1142 1203 fieri
1161 1158 1229 1203 uon
1247 1141 1369 1226 potest

191 1242 262 1309 nisi
284 1240 495 1309 auctoritate
515 1264 677 1330 suprema
700 1265 806 1332 super
828 1252 938 1310 totam
960 1243 1166 1328 Ecclesiam,
1191 1242 1367 1310 Iustinia-

191 1372 257 1417 uus
281 1371 349 1416 non
373 1348 523 1438 attingit
546 1349 616 1416 nisi
640 1351 733 1418 forte
756 1349 941 1434 indirecte,
967 1373 1006 1418 eo
1023 1351 1113 1442 quod
1130 1349 1299 1440 explicite
1314 1349 1368 1417 lo-

192 1455 314 1549 quitur
337 1456 379 1524 de
402 1478 477 1542 usu,
492 1457 643 1545 symboli
660 1456 861 1527 solemniori
884 1459 922 1525 in
945 1457 1132 1526 collatione
1146 1457 1313 1546 baptismi
1329 1465 1367 1526 et

193 1564 411 1634 abiuretione
435 1563 628 1634 haereseos.

261 1673 392 1740 Teneat
414 1673 533 1763 itaque
555 1672 732 1741 Macarius
765 1680 801 1740 et
824 1672 1017 1761 diligenter
1042 1673 1230 1741 meditetur
1255 1673 1365 1741 verbe

193 1780 398 1866 Iustiniani,
424 1781 550 1873 quibus
574 1804 671 1850 suam
696 1782 944 1849 confessionem
967 1781 1159 1851 concludit.
1188 1781 1259 1849 «Si
1284 1782 1365 1872 quis

194 1899 272 1980 post
295 1889 463 1959 eiusmodi
487 1895 615 1959 rectam
642 1890 890 1958 confessionem
911 1898 945 1958 et
961 1890 1217 1969 baereticorum
1242 1890 1365 1958 conde·

194 1999 402 2066 mustionem
427 1997 526 2066 salvo
550 2003 709 2064 manente
728 1997 785 2086 pio
809 1997 1007 2079 intellectu,
1026 1998 1068 2065 de
1092 1997 1292 2065 nominibus
1308 1998 1365 2066 vel

194 2105 344 2196 syllabis
376 2106 431 2175 vel
462 2105 675 2176 dictionibus
703 2103 930 2188 contendens,
964 2111 1106 2195 separat
1137 2127 1173 2172 se
1196 2127 1217 2170 a
1240 2114 1365 2174 sancta

67 2276 70 2281 4
194 2214 260 2280 Dei
283 2214 453 2297 Ecclesia,
474 2221 650 2305 tamquam
674 2236 742 2280 non
759 2212 795 2279 in
820 2212 997 2285 rebusad
1014 2213 1051 2279 in
1066 2212 1266 2281 nominibus
1278 2214 1366 2282 solis

195 2326 232 2388 et
255 2320 467 2389 dictionibus
489 2320 605 2410 posita
628 2319 727 2387 nobis
751 2321 901 2409 pietate3
927 2317 1012 2386 telis
1029 2327 1149 2409 utpote
1173 2319 1363 2389 dissensio·

194 2428 298 2495 nibus
322 2427 488 2516 gaudens,
514 2428 684 2495 rationem
709 2450 770 2516 pro
795 2426 977 2513 semetipso
1000 2433 1036 2494 et
1058 2449 1121 2514 pro
1148 2427 1306 2518 deceptis
1329 2439 1367 2499 et

195 2533 408 2623 decipiendis
426 2536 469 2602 ab
488 2557 527 2603 eo
550 2534 670 2603 reddet
683 2556 807 2624 magno
821 2534 893 2602 Deo
904 2543 939 2601 et
956 2532 1136 2601 Salvatori
1148 2541 1269 2603 nostro
1284 2537 1367 2607 Iesu

195 2643 336 2712 Christo
359 2643 396 2710 in
419 2644 475 2712 die
498 2643 621 2711 iudicii
641 2669 657 2704 n
684 2642 812 2729 (Mansi
838 2642 879 2710 Τ.
898 2641 963 2709 ΙΧ.
983 2665 1015 2730 p.
1033 2641 1114 2708 538.
1132 2646 1238 2734 sqq.).

261 2752 297 2821 4⁰
320 2754 463 2820 Praeter
485 2751 671 2819 orientales
687 2750 727 2818 de
745 2750 872 2841 quibus
887 2750 1056 2818 hactenus
1072 2752 1238 2837 diximus,
1259 2754 1367 2826 habet

195 2859 396 2950 praeclarus
413 2867 529 2926 noster
544 2858 718 2948 interpres
741 2859 846 2926 etiam
864 2857 1020 2960 doctores
1037 2860 1286 2948 occidentales,
1305 2867 1367 2957 qui

195 2966 389 3057 symbolum
413 2966 450 3033 in
475 2965 562 3056 ipsis
593 2965 746 3055 singulis
771 2965 887 3035 verbis
924 2965 1184 3036 declaraverint
1206 2970 1367 3042 absolute

198 3074 494 3145 incommutabile.

262 3182 417 3267 Primum
440 3183 477 3249 in
494 3182 643 3272 epistola
658 3181 859 3270 Agathonis
875 3183 1059 3252 Pontificio
1074 3183 1118 3252 ad
1135 3185 1365 3274 imperatores

198 3312 285 3382 quae
308 3291 400 3359 lecta
423 3298 457 3358 et
481 3299 642 3379 suscepta
666 3297 720 3358 est
742 3288 780 3358 in
804 3289 957 3359 Concilio
981 3291 1044 3373 VI,
1070 3292 1204 3380 reperit
1228 3294 1364 3387 aliquid

197 3399 329 3466 dictum
354 3396 393 3466 de
416 3397 526 3465 corbis
552 3398 692 3464 illibate
714 3397 973 3480 conservandi&
989 3420 1058 3466 -nec
1082 3399 1151 3466 iam
1175 3401 1363 3494 quidquam

198 3506 374 3599 sollicitus
396 3507 437 3576 de
462 3529 560 3595 scopo
584 3505 685 3574 illius
708 3505 877 3595 epistolae
893 3505 1087 3590 Pontificio,
1113 3507 1155 3575 de
1180 3510 1362 3578 verborum

197 3614 312 3699 sensu,
332 3615 373 3683 de
396 3613 581 3705 principiis
605 3614 683 3682 illic
707 3614 909 3704 propositis,
937 3615 1065 3706 quibus
1089 3614 1182 3683 siout
1206 3612 1363 3688 haereses

198 3748 313 3794 omnes
335 3725 571 3794 excluduntur
587 3722 641 3792 ita
663 3722 876 3791 Photianum
892 3722 1042 3791 schisma
1058 3722 1253 3794 clarissime
1269 3750 1364 3817 prae·

198 3834 399 3903 damnatum
422 3841 487 3917 est,
513 3833 677 3901 continuo
701 3831 774 3900 suis
798 3832 1032 3901 sectatoribus
1056 3855 1141 3923 quos
1163 3834 1267 3902 novit
1291 3837 1373 3927 ipsa
1408 3883 1443 3906 -

198 3940 402 4009 documenta
431 3964 608 4032 nunquam
640 3939 793 4009 lecturos
817 3961 908 4025 esse,
935 3940 1443 4030 persuadet.Agathonem-=

197 4047 611 4133 damnasseedditionem
636 4045 834 4137 particulae
865 4047 1049 4139 Filioque,
1074 4069 1162 4140 quae
1187 4048 1313 4139 utique
1337 4047 1443 4118 a*

198 4156 276 4247 ipsa
299 4154 445 4247 aliquod
464 4155 599 4224 uerbum
623 4160 688 4223 est.
715 4155 829 4223 Locus
853 4177 953 4245 quem
969 4178 1012 4223 ex
1030 4157 1105 4224 illis
1127 4155 1260 4224 litteris
1284 4152 1443 4226 reci-J

199 4272 265 4349 tat,
292 4264 344 4332 ita
367 4265 485 4335 babet.
515 4265 637 4345 «Quae
660 4264 871 4354 repuleriter
899 4267 1109 4349 (κανονικως)
1133 4287 1155 4329 c
1184 4266 1316 4330 sanctis
1344 4280 1443 4326 Ε

199 4369 400 4464 apostolicis
418 4369 731 4459 praedecessoribus
755 4369 934 4458 (Romanis
958 4370 1199 4456 Pontificibus,
1223 4390 1443 4462 quoru-
