<?xml version="1.0" encoding="UTF-8"?>
<!DOCTYPE html PUBLIC "-//W3C//DTD XHTML 1.0 Transitional//EN"
    "http://www.w3.org/TR/xhtml1/DTD/xhtml1-transitional.dtd">
<html xmlns="http://www.w3.org/1999/xhtml" xml:lang="en" lang="en">
 <head>
  <title>
</title>
<meta http-equiv="Content-Type" content="text/html;charset=utf-8" />
  <meta name='ocr-system' content='tesseract 3.04.00' />
  <meta name='ocr-capabilities' content='ocr_page ocr_carea ocr_par ocr_line ocrx_word'/>
</head>
<body>
  <div class='ocr_page' id='page_1' title='image "./ioannisbaptfran00frangoog_0054.png"; bbox 0 0 3120 4988; ppageno 0'>
   <div class='ocr_carea' id='block_1_1' title="bbox 177 290 1371 3701">
    <p class='ocr_par' dir='ltr' id='par_1_1' title="bbox 699 290 857 351">
     <span class='ocr_line' id='line_1_1' title="bbox 699 290 857 351; baseline 0.013 -16"><span class='ocrx_word' id='word_1_1' title='bbox 699 322 737 335; x_wconf 91' lang='grc'>..</span> <span class='ocrx_word' id='word_1_2' title='bbox 759 290 799 351; x_wconf 72' lang='lat'>49</span> <span class='ocrx_word' id='word_1_3' title='bbox 819 291 857 337; x_wconf 89' lang='lat'>..·</span> 
     </span>
    </p>

    <p class='ocr_par' dir='ltr' id='par_1_2' title="bbox 188 394 1371 1880">
     <span class='ocr_line' id='line_1_2' title="bbox 256 394 1369 489; baseline 0.003 -27"><span class='ocrx_word' id='word_1_4' title='bbox 256 394 309 462; x_wconf 81' lang='lat' dir='ltr'>Ae</span> <span class='ocrx_word' id='word_1_5' title='bbox 331 395 423 487; x_wconf 92' lang='lat' dir='ltr'>quod</span> <span class='ocrx_word' id='word_1_6' title='bbox 447 396 502 463; x_wconf 91' lang='lat' dir='ltr'>ait</span> <span class='ocrx_word' id='word_1_7' title='bbox 524 395 662 464; x_wconf 80' lang='lat' dir='ltr'>Russus</span> <span class='ocrx_word' id='word_1_8' title='bbox 686 395 761 464; x_wconf 89' lang='lat' dir='ltr'>suis</span> <span class='ocrx_word' id='word_1_9' title='bbox 785 397 916 481; x_wconf 87' lang='lat' dir='ltr'>verbis,</span> <span class='ocrx_word' id='word_1_10' title='bbox 935 398 1059 489; x_wconf 88' lang='lat' dir='ltr'>utique</span> <span class='ocrx_word' id='word_1_11' title='bbox 1084 396 1311 487; x_wconf 78' lang='lat' dir='ltr'>consequitur</span> <span class='ocrx_word' id='word_1_12' title='bbox 1327 419 1369 464; x_wconf 83' lang='lat' dir='ltr'>ex</span> 
     </span>
     <span class='ocr_line' id='line_1_3' title="bbox 191 501 1366 592; baseline 0.003 -23"><span class='ocrx_word' id='word_1_13' title='bbox 191 523 248 584; x_wconf 87' lang='lat' dir='ltr'>eo,</span> <span class='ocrx_word' id='word_1_14' title='bbox 275 503 369 592; x_wconf 91' lang='lat' dir='ltr'>quod</span> <span class='ocrx_word' id='word_1_15' title='bbox 393 501 558 571; x_wconf 86' lang='lat' dir='ltr'>Christus</span> <span class='ocrx_word' id='word_1_16' title='bbox 582 502 693 589; x_wconf 84' lang='lat' dir='ltr'>dixit;</span> <span class='ocrx_word' id='word_1_17' title='bbox 721 503 825 592; x_wconf 85' lang='lat' dir='ltr'>longe</span> <span class='ocrx_word' id='word_1_18' title='bbox 848 511 963 573; x_wconf 88' lang='lat' dir='ltr'>tamen</span> <span class='ocrx_word' id='word_1_19' title='bbox 988 503 1052 572; x_wconf 93' lang='lat' dir='ltr'>hoc</span> <span class='ocrx_word' id='word_1_20' title='bbox 1077 504 1207 571; x_wconf 84' lang='lat' dir='ltr'>abillo</span> <span class='ocrx_word' id='word_1_21' title='bbox 1231 503 1366 588; x_wconf 86' lang='lat' dir='ltr'>differt,</span> 
     </span>
     <span class='ocr_line' id='line_1_4' title="bbox 189 608 1371 703; baseline 0.003 -27"><span class='ocrx_word' id='word_1_22' title='bbox 189 608 286 676; x_wconf 92' lang='lat' dir='ltr'>sicut</span> <span class='ocrx_word' id='word_1_23' title='bbox 312 610 524 698; x_wconf 88' lang='lat' dir='ltr'>principium</span> <span class='ocrx_word' id='word_1_24' title='bbox 548 611 714 677; x_wconf 75' lang='lat' dir='ltr'>differta</span> <span class='ocrx_word' id='word_1_25' title='bbox 737 634 799 679; x_wconf 89' lang='lat' dir='ltr'>suo</span> <span class='ocrx_word' id='word_1_26' title='bbox 823 621 1052 703; x_wconf 87' lang='lat' dir='ltr'>consequente</span> <span class='ocrx_word' id='word_1_27' title='bbox 1069 612 1188 703; x_wconf 91' lang='lat' dir='ltr'>aliquo</span> <span class='ocrx_word' id='word_1_28' title='bbox 1212 612 1371 699; x_wconf 88' lang='lat' dir='ltr'>particu-</span> 
     </span>
     <span class='ocr_line' id='line_1_5' title="bbox 189 715 1370 809; baseline 0.004 -27"><span class='ocrx_word' id='word_1_29' title='bbox 189 715 273 784; x_wconf 87' lang='lat' dir='ltr'>lari.</span> <span class='ocrx_word' id='word_1_30' title='bbox 299 718 354 784; x_wconf 87' lang='lat' dir='ltr'>Ex</span> <span class='ocrx_word' id='word_1_31' title='bbox 380 717 412 785; x_wconf 90' lang='grc'>1.</span> <span class='ocrx_word' id='word_1_32' title='bbox 431 717 481 785; x_wconf 88' lang='grc' dir='ltr'>Ιο.</span> <span class='ocrx_word' id='word_1_33' title='bbox 500 719 547 787; x_wconf 89' lang='lat' dir='ltr'>V.</span> <span class='ocrx_word' id='word_1_34' title='bbox 565 720 598 786; x_wconf 85' lang='lat'>7.</span> <span class='ocrx_word' id='word_1_35' title='bbox 628 717 697 784; x_wconf 80' lang='lat' dir='ltr'>chi</span> <span class='ocrx_word' id='word_1_36' title='bbox 720 726 793 786; x_wconf 88' lang='lat' dir='ltr'>tres</span> <span class='ocrx_word' id='word_1_37' title='bbox 830 743 938 786; x_wconf 92' lang='lat' dir='ltr'>uuum</span> <span class='ocrx_word' id='word_1_38' title='bbox 974 726 1115 803; x_wconf 55' lang='lat' dir='ltr'>suna»</span> <span class='ocrx_word' id='word_1_39' title='bbox 1143 721 1370 809; x_wconf 79' lang='lat' dir='ltr'><strong>consequitur</strong></span> 
     </span>
     <span class='ocr_line' id='line_1_6' title="bbox 190 824 1369 914; baseline 0.002 -24"><span class='ocrx_word' id='word_1_40' title='bbox 190 824 330 914; x_wconf 89' lang='lat' dir='ltr'>quidem</span> <span class='ocrx_word' id='word_1_41' title='bbox 355 825 474 892; x_wconf 84' lang='lat' dir='ltr'>unitas</span> <span class='ocrx_word' id='word_1_42' title='bbox 505 824 719 912; x_wconf 79' lang='lat' dir='ltr'>testimonii3</span> <span class='ocrx_word' id='word_1_43' title='bbox 747 825 806 893; x_wconf 90' lang='lat' dir='ltr'>sed</span> <span class='ocrx_word' id='word_1_44' title='bbox 831 849 899 892; x_wconf 89' lang='lat' dir='ltr'>non</span> <span class='ocrx_word' id='word_1_45' title='bbox 923 826 1000 894; x_wconf 90' lang='lat' dir='ltr'>ideo</span> <span class='ocrx_word' id='word_1_46' title='bbox 1024 825 1110 893; x_wconf 86' lang='lat' dir='ltr'>licet</span> <span class='ocrx_word' id='word_1_47' title='bbox 1134 826 1252 893; x_wconf 90' lang='lat' dir='ltr'>verbis</span> <span class='ocrx_word' id='word_1_48' title='bbox 1276 825 1369 914; x_wconf 92' lang='lat' dir='ltr'>Apo·</span> 
     </span>
     <span class='ocr_line' id='line_1_7' title="bbox 190 931 1369 1026; baseline 0.003 -28"><span class='ocrx_word' id='word_1_49' title='bbox 190 932 273 998; x_wconf 90' lang='lat' dir='ltr'>stoli</span> <span class='ocrx_word' id='word_1_50' title='bbox 299 933 513 1002; x_wconf 80' lang='lat' dir='ltr'>substituere</span> <span class='ocrx_word' id='word_1_51' title='bbox 538 931 621 1000; x_wconf 88' lang='lat' dir='ltr'>haee</span> <span class='ocrx_word' id='word_1_52' title='bbox 647 934 740 1000; x_wconf 87' lang='lat' dir='ltr'>alia:</span> <span class='ocrx_word' id='word_1_53' title='bbox 766 940 839 1002; x_wconf 90' lang='lat' dir='ltr'>tres</span> <span class='ocrx_word' id='word_1_54' title='bbox 864 943 971 1019; x_wconf 89' lang='lat' dir='ltr'>sunt,</span> <span class='ocrx_word' id='word_1_55' title='bbox 999 937 1156 1026; x_wconf 89' lang='lat' dir='ltr'>quirem</span> <span class='ocrx_word' id='word_1_56' title='bbox 1189 956 1292 1001; x_wconf 87' lang='lat' dir='ltr'>unam</span> <span class='ocrx_word' id='word_1_57' title='bbox 1317 943 1369 1002; x_wconf 91' lang='lat' dir='ltr'>te-</span> 
     </span>
     <span class='ocr_line' id='line_1_8' title="bbox 190 1039 1369 1131; baseline 0.003 -26"><span class='ocrx_word' id='word_1_58' title='bbox 190 1044 345 1106; x_wconf 86' lang='lat' dir='ltr'>stantur.</span> <span class='ocrx_word' id='word_1_59' title='bbox 361 1039 434 1107; x_wconf 89' lang='lat' dir='ltr'>Iam</span> <span class='ocrx_word' id='word_1_60' title='bbox 447 1063 531 1108; x_wconf 86' lang='lat' dir='ltr'>vero</span> <span class='ocrx_word' id='word_1_61' title='bbox 544 1041 720 1110; x_wconf 86' lang='lat' dir='ltr'>Macarius</span> <span class='ocrx_word' id='word_1_62' title='bbox 734 1043 771 1109; x_wconf 91' lang='lat' dir='ltr'>in</span> <span class='ocrx_word' id='word_1_63' title='bbox 789 1065 852 1109; x_wconf 90' lang='lat' dir='ltr'>sua</span> <span class='ocrx_word' id='word_1_64' title='bbox 868 1050 945 1108; x_wconf 89' lang='lat' dir='ltr'>arte</span> <span class='ocrx_word' id='word_1_65' title='bbox 962 1041 1218 1131; x_wconf 85' lang='lat' dir='ltr'>interpretandi</span> <span class='ocrx_word' id='word_1_66' title='bbox 1231 1042 1369 1109; x_wconf 90' lang='lat' dir='ltr'>omniuo</span> 
     </span>
     <span class='ocr_line' id='line_1_9' title="bbox 190 1144 1367 1239; baseline 0.003 -29"><span class='ocrx_word' id='word_1_67' title='bbox 190 1144 278 1213; x_wconf 87' lang='lat' dir='ltr'>hanc</span> <span class='ocrx_word' id='word_1_68' title='bbox 304 1145 503 1213; x_wconf 84' lang='lat' dir='ltr'>methodum</span> <span class='ocrx_word' id='word_1_69' title='bbox 527 1149 708 1239; x_wconf 86' lang='lat' dir='ltr'>sequitur,</span> <span class='ocrx_word' id='word_1_70' title='bbox 736 1171 805 1239; x_wconf 89' lang='lat' dir='ltr'>qua</span> <span class='ocrx_word' id='word_1_71' title='bbox 829 1150 999 1236; x_wconf 84' lang='lat' dir='ltr'>adoptata</span> <span class='ocrx_word' id='word_1_72' title='bbox 1019 1148 1194 1239; x_wconf 80' lang='lat' dir='ltr'>quidlibet</span> <span class='ocrx_word' id='word_1_73' title='bbox 1217 1170 1259 1213; x_wconf 86' lang='lat' dir='ltr'>ex</span> <span class='ocrx_word' id='word_1_74' title='bbox 1285 1171 1367 1236; x_wconf 91' lang='lat' dir='ltr'>quo·</span> 
     </span>
     <span class='ocr_line' id='line_1_10' title="bbox 188 1252 1368 1345; baseline 0.004 -26"><span class='ocrx_word' id='word_1_75' title='bbox 188 1252 299 1336; x_wconf 86' lang='lat' dir='ltr'>libet,</span> <span class='ocrx_word' id='word_1_76' title='bbox 326 1259 363 1320; x_wconf 89' lang='lat' dir='ltr'>et</span> <span class='ocrx_word' id='word_1_77' title='bbox 387 1255 464 1321; x_wconf 90' lang='lat' dir='ltr'>ideo</span> <span class='ocrx_word' id='word_1_78' title='bbox 497 1255 589 1322; x_wconf 91' lang='lat' dir='ltr'>nihil</span> <span class='ocrx_word' id='word_1_79' title='bbox 613 1279 655 1323; x_wconf 87' lang='lat' dir='ltr'>ex</span> <span class='ocrx_word' id='word_1_80' title='bbox 680 1257 839 1323; x_wconf 92' lang='lat' dir='ltr'>omnibus</span> <span class='ocrx_word' id='word_1_81' title='bbox 876 1257 1018 1345; x_wconf 89' lang='lat' dir='ltr'>probari</span> <span class='ocrx_word' id='word_1_82' title='bbox 1054 1255 1196 1344; x_wconf 88' lang='lat' dir='ltr'>poterit.</span> <span class='ocrx_word' id='word_1_83' title='bbox 1223 1254 1290 1322; x_wconf 89' lang='lat' dir='ltr'>Sed</span> <span class='ocrx_word' id='word_1_84' title='bbox 1327 1255 1368 1324; x_wconf 92' lang='lat' dir='ltr'>de</span> 
     </span>
     <span class='ocr_line' id='line_1_11' title="bbox 189 1344 1369 1451; baseline 0.003 -27"><span class='ocrx_word' id='word_1_85' title='bbox 189 1379 336 1445; x_wconf 88' lang='lat' dir='ltr'>persona</span> <span class='ocrx_word' id='word_1_86' title='bbox 368 1359 510 1444; x_wconf 87' lang='lat' dir='ltr'>divina,</span> <span class='ocrx_word' id='word_1_87' title='bbox 537 1383 626 1451; x_wconf 90' lang='lat' dir='ltr'>quae</span> <span class='ocrx_word' id='word_1_88' title='bbox 661 1363 815 1451; x_wconf 86' lang='lat' dir='ltr'>accipiat</span> <span class='ocrx_word' id='word_1_89' title='bbox 842 1363 885 1428; x_wconf 90' lang='lat' dir='ltr'>ab</span> <span class='ocrx_word' id='word_1_90' title='bbox 909 1362 982 1428; x_wconf 87' lang='lat' dir='ltr'>alia</span> <span class='ocrx_word' id='word_1_91' title='bbox 1019 1383 1190 1450; x_wconf 82' lang='lat' dir='ltr'>persona,</span> <span class='ocrx_word' id='word_1_92' title='bbox 1217 1344 1308 1427; x_wconf 79' lang='lat' dir='ltr'>satis</span> <span class='ocrx_word' id='word_1_93' title='bbox 1332 1361 1369 1428; x_wconf 93' lang='lat' dir='ltr'>in</span> 
     </span>
     <span class='ocr_line' id='line_1_12' title="bbox 189 1467 1369 1550; baseline 0.002 -17"><span class='ocrx_word' id='word_1_94' title='bbox 189 1467 365 1534; x_wconf 79' lang='lat' dir='ltr'>Thesibus</span> <span class='ocrx_word' id='word_1_95' title='bbox 389 1469 504 1535; x_wconf 86' lang='lat' dir='ltr'>nostri</span> <span class='ocrx_word' id='word_1_96' title='bbox 529 1469 720 1537; x_wconf 75' lang='lat' dir='ltr'>Tractatus</span> <span class='ocrx_word' id='word_1_97' title='bbox 745 1469 1078 1550; x_wconf 86' lang='lat' dir='ltr'>demonstravimus,</span> <span class='ocrx_word' id='word_1_98' title='bbox 1094 1468 1158 1535; x_wconf 93' lang='lat' dir='ltr'>hoc</span> <span class='ocrx_word' id='word_1_99' title='bbox 1176 1469 1247 1536; x_wconf 91' lang='lat' dir='ltr'>dioi</span> <span class='ocrx_word' id='word_1_100' title='bbox 1264 1475 1300 1535; x_wconf 90' lang='lat' dir='ltr'>et</span> <span class='ocrx_word' id='word_1_101' title='bbox 1316 1469 1369 1535; x_wconf 90' lang='lat' dir='ltr'>in-</span> 
     </span>
     <span class='ocr_line' id='line_1_13' title="bbox 188 1575 1367 1663; baseline -0.002 -21"><span class='ocrx_word' id='word_1_102' title='bbox 188 1575 307 1662; x_wconf 83' lang='lat' dir='ltr'>telligi</span> <span class='ocrx_word' id='word_1_103' title='bbox 331 1597 400 1641; x_wconf 93' lang='lat' dir='ltr'>non</span> <span class='ocrx_word' id='word_1_104' title='bbox 424 1598 522 1663; x_wconf 90' lang='lat' dir='ltr'>posse</span> <span class='ocrx_word' id='word_1_105' title='bbox 546 1575 616 1642; x_wconf 88' lang='lat' dir='ltr'>nisi</span> <span class='ocrx_word' id='word_1_106' title='bbox 642 1577 831 1644; x_wconf 90' lang='lat' dir='ltr'>secundum</span> <span class='ocrx_word' id='word_1_107' title='bbox 856 1575 1203 1644; x_wconf 77' lang='lat' dir='ltr'>communicationem</span> <span class='ocrx_word' id='word_1_108' title='bbox 1228 1576 1271 1641; x_wconf 92' lang='lat' dir='ltr'>ab</span> <span class='ocrx_word' id='word_1_109' title='bbox 1296 1595 1367 1640; x_wconf 88' lang='lat' dir='ltr'>una</span> 
     </span>
     <span class='ocr_line' id='line_1_14' title="bbox 189 1682 1367 1772; baseline -0.002 -22"><span class='ocrx_word' id='word_1_110' title='bbox 189 1704 336 1772; x_wconf 85' lang='lat' dir='ltr'>persona</span> <span class='ocrx_word' id='word_1_111' title='bbox 360 1683 398 1749; x_wconf 94' lang='lat' dir='ltr'>in</span> <span class='ocrx_word' id='word_1_112' title='bbox 422 1682 593 1767; x_wconf 88' lang='lat' dir='ltr'>alteram,</span> <span class='ocrx_word' id='word_1_113' title='bbox 621 1704 660 1750; x_wconf 88' lang='lat' dir='ltr'>ac</span> <span class='ocrx_word' id='word_1_114' title='bbox 686 1683 832 1771; x_wconf 80' lang='lat' dir='ltr'>proinde</span> <span class='ocrx_word' id='word_1_115' title='bbox 861 1683 1052 1751; x_wconf 89' lang='lat' dir='ltr'>secundum</span> <span class='ocrx_word' id='word_1_116' title='bbox 1076 1682 1246 1750; x_wconf 86' lang='lat' dir='ltr'>rationem</span> <span class='ocrx_word' id='word_1_117' title='bbox 1271 1683 1367 1771; x_wconf 88' lang='lat' dir='ltr'>prin·</span> 
     </span>
     <span class='ocr_line' id='line_1_15' title="bbox 190 1791 834 1880; baseline -0.002 -22"><span class='ocrx_word' id='word_1_118' title='bbox 190 1791 273 1880; x_wconf 88' lang='lat' dir='ltr'>cipii</span> <span class='ocrx_word' id='word_1_119' title='bbox 298 1798 333 1857; x_wconf 90' lang='lat' dir='ltr'>et</span> <span class='ocrx_word' id='word_1_120' title='bbox 358 1791 577 1878; x_wconf 87' lang='lat' dir='ltr'>procedentis</span> <span class='ocrx_word' id='word_1_121' title='bbox 602 1811 623 1856; x_wconf 90' lang='lat' dir='ltr'>a</span> <span class='ocrx_word' id='word_1_122' title='bbox 647 1791 834 1880; x_wconf 90' lang='lat' dir='ltr'>principio.</span> 
     </span>
    </p>

    <p class='ocr_par' dir='ltr' id='par_1_3' title="bbox 177 1897 1368 3701">
     <span class='ocr_line' id='line_1_16' title="bbox 255 1897 1368 1989; baseline -0.004 -22"><span class='ocrx_word' id='word_1_123' title='bbox 255 1899 416 1967; x_wconf 81' lang='lat' dir='ltr'>Tertium</span> <span class='ocrx_word' id='word_1_124' title='bbox 435 1900 582 1989; x_wconf 89' lang='lat' dir='ltr'>denique</span> <span class='ocrx_word' id='word_1_125' title='bbox 608 1920 757 1966; x_wconf 86' lang='lat' dir='ltr'>comma:</span> <span class='ocrx_word' id='word_1_126' title='bbox 780 1926 796 1961; x_wconf 78' lang='lat' dir='ltr'>u</span> <span class='ocrx_word' id='word_1_127' title='bbox 812 1920 1041 1988; x_wconf 82' lang='lat' dir='ltr'>quaecumque</span> <span class='ocrx_word' id='word_1_128' title='bbox 1057 1897 1156 1962; x_wconf 79' lang='lat' dir='ltr'>tabet</span> <span class='ocrx_word' id='word_1_129' title='bbox 1169 1898 1278 1965; x_wconf 80' lang='lat' dir='ltr'>Pater</span> <span class='ocrx_word' id='word_1_130' title='bbox 1295 1920 1368 1963; x_wconf 83' lang='lat' dir='ltr'>mea</span> 
     </span>
     <span class='ocr_line' id='line_1_17' title="bbox 191 2003 1368 2096; baseline -0.003 -23"><span class='ocrx_word' id='word_1_131' title='bbox 191 2021 292 2089; x_wconf 56' lang='lat' dir='ltr'>sunm</span> <span class='ocrx_word' id='word_1_132' title='bbox 312 2020 496 2096; x_wconf 80' lang='lat' dir='ltr'>propterea</span> <span class='ocrx_word' id='word_1_133' title='bbox 521 2005 612 2087; x_wconf 77' lang='lat' dir='ltr'>diui,</span> <span class='ocrx_word' id='word_1_134' title='bbox 635 2007 720 2096; x_wconf 82' lang='lat' dir='ltr'>quia</span> <span class='ocrx_word' id='word_1_135' title='bbox 745 2003 785 2071; x_wconf 90' lang='lat' dir='ltr'>de</span> <span class='ocrx_word' id='word_1_136' title='bbox 808 2029 877 2070; x_wconf 84' lang='lat' dir='ltr'>meo</span> <span class='ocrx_word' id='word_1_137' title='bbox 902 2006 1062 2091; x_wconf 79' lang='lat' dir='ltr'>accipiet,</span> <span class='ocrx_word' id='word_1_138' title='bbox 1080 2012 1116 2070; x_wconf 89' lang='lat' dir='ltr'>et</span> <span class='ocrx_word' id='word_1_139' title='bbox 1139 2004 1368 2072; x_wconf 84' lang='lat' dir='ltr'>annuntiabit</span> 
     </span>
     <span class='ocr_line' id='line_1_18' title="bbox 191 2112 1366 2201; baseline -0.004 -17"><span class='ocrx_word' id='word_1_140' title='bbox 191 2118 332 2196; x_wconf 80' lang='lat' dir='ltr'>vobis‚n</span> <span class='ocrx_word' id='word_1_141' title='bbox 352 2115 546 2181; x_wconf 90' lang='lat' dir='ltr'>Photianus</span> <span class='ocrx_word' id='word_1_142' title='bbox 571 2113 746 2201; x_wconf 86' lang='lat' dir='ltr'>pervertit</span> <span class='ocrx_word' id='word_1_143' title='bbox 769 2114 833 2196; x_wconf 87' lang='lat' dir='ltr'>ita,</span> <span class='ocrx_word' id='word_1_144' title='bbox 861 2119 902 2180; x_wconf 93' lang='lat' dir='ltr'>ut</span> <span class='ocrx_word' id='word_1_145' title='bbox 925 2113 1030 2180; x_wconf 88' lang='lat' dir='ltr'>etiam</span> <span class='ocrx_word' id='word_1_146' title='bbox 1056 2112 1366 2179; x_wconf 85' lang='lat' dir='ltr'>consubstantiali·</span> 
     </span>
     <span class='ocr_line' id='line_1_19' title="bbox 190 2217 1368 2305; baseline -0.003 -15"><span class='ocrx_word' id='word_1_147' title='bbox 190 2230 244 2290; x_wconf 90' lang='lat' dir='ltr'>tas</span> <span class='ocrx_word' id='word_1_148' title='bbox 268 2222 357 2289; x_wconf 82' lang='lat' dir='ltr'>Filii</span> <span class='ocrx_word' id='word_1_149' title='bbox 382 2245 459 2288; x_wconf 92' lang='lat' dir='ltr'>cum</span> <span class='ocrx_word' id='word_1_150' title='bbox 483 2219 589 2287; x_wconf 87' lang='lat' dir='ltr'>Patre</span> <span class='ocrx_word' id='word_1_151' title='bbox 614 2219 678 2287; x_wconf 89' lang='lat' dir='ltr'>hoo</span> <span class='ocrx_word' id='word_1_152' title='bbox 702 2219 777 2286; x_wconf 94' lang='lat' dir='ltr'>loco</span> <span class='ocrx_word' id='word_1_153' title='bbox 802 2219 999 2286; x_wconf 81' lang='lat' dir='ltr'>clarissime</span> <span class='ocrx_word' id='word_1_154' title='bbox 1022 2239 1187 2305; x_wconf 86' lang='lat' dir='ltr'>expressa</span> <span class='ocrx_word' id='word_1_155' title='bbox 1211 2217 1368 2286; x_wconf 88' lang='lat' dir='ltr'>elimine-</span> 
     </span>
     <span class='ocr_line' id='line_1_20' title="bbox 191 2326 1365 2416; baseline -0.004 -18"><span class='ocrx_word' id='word_1_156' title='bbox 191 2338 260 2399; x_wconf 86' lang='lat' dir='ltr'>tur.</span> <span class='ocrx_word' id='word_1_157' title='bbox 286 2331 382 2397; x_wconf 90' lang='lat' dir='ltr'>Haec</span> <span class='ocrx_word' id='word_1_158' title='bbox 417 2329 532 2410; x_wconf 88' lang='lat' dir='ltr'>enim,</span> <span class='ocrx_word' id='word_1_159' title='bbox 567 2327 642 2410; x_wconf 87' lang='lat' dir='ltr'>ait,</span> <span class='ocrx_word' id='word_1_160' title='bbox 678 2326 778 2393; x_wconf 92' lang='lat' dir='ltr'>unice</span> <span class='ocrx_word' id='word_1_161' title='bbox 803 2327 930 2393; x_wconf 85' lang='lat' dir='ltr'>referri</span> <span class='ocrx_word' id='word_1_162' title='bbox 954 2327 997 2392; x_wconf 89' lang='lat' dir='ltr'>ad</span> <span class='ocrx_word' id='word_1_163' title='bbox 1034 2327 1228 2394; x_wconf 88' lang='lat' dir='ltr'>doctrinam</span> <span class='ocrx_word' id='word_1_164' title='bbox 1264 2349 1365 2416; x_wconf 88' lang='lat' dir='ltr'>quam</span> 
     </span>
     <span class='ocr_line' id='line_1_21' title="bbox 184 2430 1366 2528; baseline -0.003 -22"><span class='ocrx_word' id='word_1_165' title='bbox 184 2430 316 2522; x_wconf 85' lang='lat' dir='ltr'>Filius,</span> <span class='ocrx_word' id='word_1_166' title='bbox 344 2443 516 2528; x_wconf 89' lang='lat' dir='ltr'>quatenus</span> <span class='ocrx_word' id='word_1_167' title='bbox 541 2435 640 2501; x_wconf 94' lang='lat' dir='ltr'>homo</span> <span class='ocrx_word' id='word_1_168' title='bbox 664 2444 729 2518; x_wconf 88' lang='lat' dir='ltr'>est,</span> <span class='ocrx_word' id='word_1_169' title='bbox 756 2434 893 2523; x_wconf 85' lang='lat' dir='ltr'>accepit</span> <span class='ocrx_word' id='word_1_170' title='bbox 916 2457 937 2500; x_wconf 91' lang='lat' dir='ltr'>a</span> <span class='ocrx_word' id='word_1_171' title='bbox 959 2435 1077 2502; x_wconf 87' lang='lat' dir='ltr'>Patre.</span> <span class='ocrx_word' id='word_1_172' title='bbox 1106 2435 1199 2516; x_wconf 80' lang='lat' dir='ltr'>Quia</span> <span class='ocrx_word' id='word_1_173' title='bbox 1224 2457 1307 2502; x_wconf 88' lang='lat' dir='ltr'>vero</span> <span class='ocrx_word' id='word_1_174' title='bbox 1325 2458 1366 2502; x_wconf 89' lang='lat' dir='ltr'>ne</span> 
     </span>
     <span class='ocr_line' id='line_1_22' title="bbox 192 2541 1367 2634; baseline -0.003 -23"><span class='ocrx_word' id='word_1_175' title='bbox 192 2544 252 2611; x_wconf 93' lang='lat' dir='ltr'>hoc</span> <span class='ocrx_word' id='word_1_176' title='bbox 277 2544 416 2634; x_wconf 91' lang='lat' dir='ltr'>quidem</span> <span class='ocrx_word' id='word_1_177' title='bbox 440 2544 529 2610; x_wconf 89' lang='lat' dir='ltr'>satis</span> <span class='ocrx_word' id='word_1_178' title='bbox 553 2551 607 2610; x_wconf 87' lang='lat' dir='ltr'>est</span> <span class='ocrx_word' id='word_1_179' title='bbox 630 2542 673 2610; x_wconf 88' lang='lat' dir='ltr'>ad</span> <span class='ocrx_word' id='word_1_180' title='bbox 699 2541 832 2610; x_wconf 91' lang='lat' dir='ltr'>clarum</span> <span class='ocrx_word' id='word_1_181' title='bbox 858 2565 996 2610; x_wconf 90' lang='lat' dir='ltr'>sensum</span> <span class='ocrx_word' id='word_1_182' title='bbox 1022 2545 1206 2610; x_wconf 87' lang='lat' dir='ltr'>verborum</span> <span class='ocrx_word' id='word_1_183' title='bbox 1231 2543 1367 2611; x_wconf 86' lang='lat' dir='ltr'>Christi</span> 
     </span>
     <span class='ocr_line' id='line_1_23' title="bbox 191 2649 1365 2740; baseline 0 -23"><span class='ocrx_word' id='word_1_184' title='bbox 191 2651 328 2740; x_wconf 88' lang='lat' dir='ltr'>penitus</span> <span class='ocrx_word' id='word_1_185' title='bbox 351 2649 668 2732; x_wconf 83' lang='lat' dir='ltr'>exterminandum,</span> <span class='ocrx_word' id='word_1_186' title='bbox 689 2650 860 2738; x_wconf 88' lang='lat' dir='ltr'>siquidem</span> <span class='ocrx_word' id='word_1_187' title='bbox 879 2649 1037 2738; x_wconf 85' lang='lat' dir='ltr'>Spiritus</span> <span class='ocrx_word' id='word_1_188' title='bbox 1054 2649 1207 2715; x_wconf 88' lang='lat' dir='ltr'>Sanctus</span> <span class='ocrx_word' id='word_1_189' title='bbox 1232 2649 1365 2717; x_wconf 88' lang='lat' dir='ltr'>dicitur</span> 
     </span>
     <span class='ocr_line' id='line_1_24' title="bbox 177 2756 1365 2848; baseline -0.003 -23"><span class='ocrx_word' id='word_1_190' title='bbox 177 2765 280 2826; x_wconf 86' lang='lat' dir='ltr'>&#39;certe</span> <span class='ocrx_word' id='word_1_191' title='bbox 305 2758 441 2848; x_wconf 91' lang='lat' dir='ltr'>aliquid</span> <span class='ocrx_word' id='word_1_192' title='bbox 465 2758 622 2845; x_wconf 88' lang='lat' dir='ltr'>accipere</span> <span class='ocrx_word' id='word_1_193' title='bbox 646 2778 667 2822; x_wconf 91' lang='lat' dir='ltr'>a</span> <span class='ocrx_word' id='word_1_194' title='bbox 689 2757 806 2840; x_wconf 85' lang='lat' dir='ltr'>Filio,</span> <span class='ocrx_word' id='word_1_195' title='bbox 834 2765 1019 2842; x_wconf 90' lang='lat' dir='ltr'>novamet</span> <span class='ocrx_word' id='word_1_196' title='bbox 1042 2779 1124 2823; x_wconf 88' lang='lat' dir='ltr'>sane</span> <span class='ocrx_word' id='word_1_197' title='bbox 1149 2757 1271 2822; x_wconf 88' lang='lat' dir='ltr'>miram</span> <span class='ocrx_word' id='word_1_198' title='bbox 1296 2756 1365 2822; x_wconf 91' lang='lat' dir='ltr'>dis-</span> 
     </span>
     <span class='ocr_line' id='line_1_25' title="bbox 190 2863 1365 2952; baseline -0.005 -18"><span class='ocrx_word' id='word_1_199' title='bbox 190 2867 393 2935; x_wconf 88' lang='lat' dir='ltr'>tinctionem</span> <span class='ocrx_word' id='word_1_200' title='bbox 427 2863 605 2932; x_wconf 83' lang='lat' dir='ltr'>Macarius</span> <span class='ocrx_word' id='word_1_201' title='bbox 642 2873 825 2931; x_wconf 91' lang='lat' dir='ltr'>mutuatus</span> <span class='ocrx_word' id='word_1_202' title='bbox 853 2872 906 2930; x_wconf 90' lang='lat' dir='ltr'>est</span> <span class='ocrx_word' id='word_1_203' title='bbox 937 2869 1002 2949; x_wconf 85' lang='lat' dir='ltr'>(ut</span> <span class='ocrx_word' id='word_1_204' title='bbox 1032 2864 1103 2930; x_wconf 88' lang='lat' dir='ltr'>alia</span> <span class='ocrx_word' id='word_1_205' title='bbox 1139 2863 1319 2952; x_wconf 89' lang='lat' dir='ltr'>pleraque)</span> <span class='ocrx_word' id='word_1_206' title='bbox 1344 2885 1365 2928; x_wconf 90' lang='lat' dir='ltr'>a</span> 
     </span>
     <span class='ocr_line' id='line_1_26' title="bbox 191 2971 1367 3063; baseline -0.005 -22"><span class='ocrx_word' id='word_1_207' title='bbox 191 2975 399 3063; x_wconf 78' lang='lat' dir='ltr'>Theophane</span> <span class='ocrx_word' id='word_1_208' title='bbox 422 2971 678 3060; x_wconf 84' lang='lat' dir='ltr'>Prokopowicz.</span> <span class='ocrx_word' id='word_1_209' title='bbox 707 2971 747 3037; x_wconf 91' lang='lat' dir='ltr'>In</span> <span class='ocrx_word' id='word_1_210' title='bbox 774 2972 911 3058; x_wconf 87' lang='lat' dir='ltr'>Spiritu</span> <span class='ocrx_word' id='word_1_211' title='bbox 936 2972 1027 3038; x_wconf 91' lang='lat' dir='ltr'>euim</span> <span class='ocrx_word' id='word_1_212' title='bbox 1060 2971 1188 3038; x_wconf 88' lang='lat' dir='ltr'>Sancto</span> <span class='ocrx_word' id='word_1_213' title='bbox 1213 2971 1288 3058; x_wconf 89' lang='lat' dir='ltr'>ipso</span> <span class='ocrx_word' id='word_1_214' title='bbox 1313 2971 1367 3036; x_wconf 92' lang='lat' dir='ltr'>in-</span> 
     </span>
     <span class='ocr_line' id='line_1_27' title="bbox 191 3079 1367 3167; baseline -0.005 -17"><span class='ocrx_word' id='word_1_215' title='bbox 191 3083 322 3150; x_wconf 87' lang='lat' dir='ltr'>ducunt</span> <span class='ocrx_word' id='word_1_216' title='bbox 346 3080 620 3160; x_wconf 87' lang='lat' dir='ltr'>distinctionem,</span> <span class='ocrx_word' id='word_1_217' title='bbox 648 3084 822 3167; x_wconf 88' lang='lat' dir='ltr'>quatenus</span> <span class='ocrx_word' id='word_1_218' title='bbox 847 3079 942 3144; x_wconf 90' lang='lat' dir='ltr'>Deus</span> <span class='ocrx_word' id='word_1_219' title='bbox 966 3084 1031 3160; x_wconf 87' lang='lat' dir='ltr'>est,</span> <span class='ocrx_word' id='word_1_220' title='bbox 1059 3084 1094 3144; x_wconf 91' lang='lat' dir='ltr'>et</span> <span class='ocrx_word' id='word_1_221' title='bbox 1118 3085 1291 3166; x_wconf 88' lang='lat' dir='ltr'>quatenus</span> <span class='ocrx_word' id='word_1_222' title='bbox 1312 3083 1367 3145; x_wconf 87' lang='lat' dir='ltr'>est</span> 
     </span>
     <span class='ocr_line' id='line_1_28' title="bbox 194 3184 1365 3274; baseline 0 -20"><span class='ocrx_word' id='word_1_223' title='bbox 194 3210 403 3257; x_wconf 81' lang='lat' dir='ltr'>usuocessor</span> <span class='ocrx_word' id='word_1_224' title='bbox 419 3187 506 3254; x_wconf 86' lang='lat' dir='ltr'>Filii</span> <span class='ocrx_word' id='word_1_225' title='bbox 532 3187 568 3254; x_wconf 92' lang='lat' dir='ltr'>in</span> <span class='ocrx_word' id='word_1_226' title='bbox 593 3192 800 3268; x_wconf 78' lang='lat' dir='ltr'>ter1·a,nut</span> <span class='ocrx_word' id='word_1_227' title='bbox 824 3187 877 3251; x_wconf 90' lang='lat' dir='ltr'>ait</span> <span class='ocrx_word' id='word_1_228' title='bbox 900 3185 1089 3262; x_wconf 82' lang='lat' dir='ltr'>Macarius,</span> <span class='ocrx_word' id='word_1_229' title='bbox 1109 3184 1166 3253; x_wconf 89' lang='lat' dir='ltr'>vel</span> <span class='ocrx_word' id='word_1_230' title='bbox 1192 3193 1365 3274; x_wconf 84' lang='lat' dir='ltr'>quatenus</span> 
     </span>
     <span class='ocr_line' id='line_1_29' title="bbox 194 3291 1363 3384; baseline -0.002 -24"><span class='ocrx_word' id='word_1_231' title='bbox 194 3297 364 3384; x_wconf 62' lang='lat' dir='ltr'>relegatus</span> <span class='ocrx_word' id='word_1_232' title='bbox 388 3295 490 3361; x_wconf 89' lang='lat' dir='ltr'>etad</span> <span class='ocrx_word' id='word_1_233' title='bbox 514 3299 616 3361; x_wconf 89' lang='lat' dir='ltr'>extra</span> <span class='ocrx_word' id='word_1_234' title='bbox 640 3314 830 3379; x_wconf 65' lang='lat' dir='ltr'>operans-r</span> <span class='ocrx_word' id='word_1_235' title='bbox 866 3301 905 3360; x_wconf 89' lang='lat' dir='ltr'>ut</span> <span class='ocrx_word' id='word_1_236' title='bbox 934 3292 1093 3383; x_wconf 87' lang='lat' dir='ltr'>loquitur</span> <span class='ocrx_word' id='word_1_237' title='bbox 1118 3291 1363 3380; x_wconf 85' lang='lat' dir='ltr'>Prokopowicz</span> 
     </span>
     <span class='ocr_line' id='line_1_30' title="bbox 191 3396 1365 3491; baseline -0.003 -23"><span class='ocrx_word' id='word_1_238' title='bbox 191 3404 251 3489; x_wconf 86' lang='lat' dir='ltr'>(De</span> <span class='ocrx_word' id='word_1_239' title='bbox 269 3423 419 3491; x_wconf 87' lang='lat' dir='ltr'>process.</span> <span class='ocrx_word' id='word_1_240' title='bbox 439 3400 533 3488; x_wconf 90' lang='lat' dir='ltr'>Spir.</span> <span class='ocrx_word' id='word_1_241' title='bbox 553 3398 588 3466; x_wconf 90' lang='lat' dir='ltr'>S.</span> <span class='ocrx_word' id='word_1_242' title='bbox 609 3422 638 3466; x_wconf 91' lang='lat' dir='ltr'>c.</span> <span class='ocrx_word' id='word_1_243' title='bbox 657 3398 710 3467; x_wconf 85' lang='lat' dir='ltr'>ll.</span> <span class='ocrx_word' id='word_1_244' title='bbox 728 3406 758 3481; x_wconf 72' lang='lat'>5.</span> <span class='ocrx_word' id='word_1_245' title='bbox 780 3398 872 3483; x_wconf 83' lang='lat'><strong>183).</strong></span> <span class='ocrx_word' id='word_1_246' title='bbox 902 3396 1084 3478; x_wconf 67' lang='lat' dir='ltr'>tluateuus</span> <span class='ocrx_word' id='word_1_247' title='bbox 1107 3401 1203 3466; x_wconf 90' lang='lat' dir='ltr'>Deus</span> <span class='ocrx_word' id='word_1_248' title='bbox 1227 3406 1291 3480; x_wconf 87' lang='lat' dir='ltr'>est,</span> <span class='ocrx_word' id='word_1_249' title='bbox 1311 3399 1365 3464; x_wconf 92' lang='lat' dir='ltr'>in-</span> 
     </span>
     <span class='ocr_line' id='line_1_31' title="bbox 192 3504 1364 3598; baseline -0.002 -24"><span class='ocrx_word' id='word_1_250' title='bbox 192 3510 328 3598; x_wconf 84' lang='lat' dir='ltr'>quiunt,</span> <span class='ocrx_word' id='word_1_251' title='bbox 348 3507 505 3592; x_wconf 85' lang='lat' dir='ltr'>Spiritus</span> <span class='ocrx_word' id='word_1_252' title='bbox 522 3504 612 3571; x_wconf 91' lang='lat' dir='ltr'>nibil</span> <span class='ocrx_word' id='word_1_253' title='bbox 638 3512 754 3593; x_wconf 85' lang='lat' dir='ltr'>potest</span> <span class='ocrx_word' id='word_1_254' title='bbox 777 3506 957 3593; x_wconf 86' lang='lat' dir='ltr'>accipere;</span> <span class='ocrx_word' id='word_1_255' title='bbox 986 3513 1159 3595; x_wconf 86' lang='lat' dir='ltr'>quatenus</span> <span class='ocrx_word' id='word_1_256' title='bbox 1182 3511 1237 3572; x_wconf 91' lang='lat' dir='ltr'>est</span> <span class='ocrx_word' id='word_1_257' title='bbox 1255 3535 1270 3567; x_wconf 77' lang='lat' dir='ltr'>c</span> <span class='ocrx_word' id='word_1_258' title='bbox 1287 3527 1364 3572; x_wconf 89' lang='lat' dir='ltr'>suc·</span> 
     </span>
     <span class='ocr_line' id='line_1_32' title="bbox 192 3610 1274 3701; baseline -0.001 -19"><span class='ocrx_word' id='word_1_259' title='bbox 192 3636 302 3682; x_wconf 87' lang='lat' dir='ltr'>oessor</span> <span class='ocrx_word' id='word_1_260' title='bbox 326 3612 417 3680; x_wconf 80' lang='lat' dir='ltr'>Filii</span> <span class='ocrx_word' id='word_1_261' title='bbox 439 3614 475 3680; x_wconf 91' lang='lat' dir='ltr'>in</span> <span class='ocrx_word' id='word_1_262' title='bbox 500 3622 642 3696; x_wconf 77' lang='lat' dir='ltr'>terra,r</span> <span class='ocrx_word' id='word_1_263' title='bbox 668 3613 800 3701; x_wconf 89' lang='lat' dir='ltr'>accipit</span> <span class='ocrx_word' id='word_1_264' title='bbox 828 3613 1023 3679; x_wconf 88' lang='lat' dir='ltr'>doctrinam</span> <span class='ocrx_word' id='word_1_265' title='bbox 1046 3634 1068 3679; x_wconf 87' lang='lat' dir='ltr'>a</span> <span class='ocrx_word' id='word_1_266' title='bbox 1090 3612 1185 3680; x_wconf 90' lang='lat' dir='ltr'>Filio</span> <span class='ocrx_word' id='word_1_267' title='bbox 1209 3610 1274 3696; x_wconf 92' lang='lat' dir='ltr'>(l).</span> 
     </span>
    </p>
   </div>
   <div class='ocr_carea' id='block_1_2' title="bbox 156 3851 1368 4456">
    <p class='ocr_par' dir='ltr' id='par_1_4' title="bbox 156 3851 1368 4456">
     <span class='ocr_line' id='line_1_33' title="bbox 257 3851 1368 3927; baseline -0.005 -20"><span class='ocrx_word' id='word_1_268' title='bbox 257 3851 303 3927; x_wconf 88' lang='lat'>(1)</span> <span class='ocrx_word' id='word_1_269' title='bbox 323 3853 376 3906; x_wconf 75' lang='lat' dir='ltr'>(les</span> <span class='ocrx_word' id='word_1_270' title='bbox 395 3856 519 3919; x_wconf 81' lang='lat' dir='ltr'>perolas:</span> <span class='ocrx_word' id='word_1_271' title='bbox 537 3854 584 3906; x_wconf 76' lang='lat' dir='ltr'>«il</span> <span class='ocrx_word' id='word_1_272' title='bbox 598 3867 713 3905; x_wconf 82' lang='lat' dir='ltr'>recevru</span> <span class='ocrx_word' id='word_1_273' title='bbox 726 3853 760 3905; x_wconf 89' lang='lat' dir='ltr'>de</span> <span class='ocrx_word' id='word_1_274' title='bbox 780 3867 809 3908; x_wconf 88' lang='lat' dir='ltr'>ce</span> <span class='ocrx_word' id='word_1_275' title='bbox 830 3856 880 3919; x_wconf 91' lang='lat' dir='ltr'>qui</span> <span class='ocrx_word' id='word_1_276' title='bbox 896 3857 942 3906; x_wconf 86' lang='lat' dir='ltr'>est</span> <span class='ocrx_word' id='word_1_277' title='bbox 955 3857 971 3904; x_wconf 74' lang='lat' dir='ltr'>a</span> <span class='ocrx_word' id='word_1_278' title='bbox 986 3853 1052 3917; x_wconf 87' lang='lat' dir='ltr'>moi,</span> <span class='ocrx_word' id='word_1_279' title='bbox 1064 3873 1077 3899; x_wconf 75' lang='grc' dir='ltr'><strong>ι</strong></span> <span class='ocrx_word' id='word_1_280' title='bbox 1098 3854 1128 3903; x_wconf 84' lang='lat' dir='ltr'>et</span> <span class='ocrx_word' id='word_1_281' title='bbox 1141 3852 1267 3904; x_wconf 87' lang='lat' dir='ltr'>celles-ci</span> <span class='ocrx_word' id='word_1_282' title='bbox 1283 3853 1368 3904; x_wconf 79' lang='lat' dir='ltr'>utout</span> 
     </span>
     <span class='ocr_line' id='line_1_34' title="bbox 193 3941 1365 4013; baseline -0.007 -15"><span class='ocrx_word' id='word_1_283' title='bbox 193 3962 220 3998; x_wconf 87' lang='lat' dir='ltr'>ce</span> <span class='ocrx_word' id='word_1_284' title='bbox 239 3948 306 4013; x_wconf 83' lang='lat' dir='ltr'>qu’a</span> <span class='ocrx_word' id='word_1_285' title='bbox 326 3960 389 3995; x_wconf 91' lang='lat' dir='ltr'>mou</span> <span class='ocrx_word' id='word_1_286' title='bbox 409 3944 478 3995; x_wconf 74' lang='lat' dir='ltr'>Pare</span> <span class='ocrx_word' id='word_1_287' title='bbox 498 3948 543 3994; x_wconf 88' lang='lat' dir='ltr'>est</span> <span class='ocrx_word' id='word_1_288' title='bbox 562 3946 578 3994; x_wconf 75' lang='lat' dir='ltr'>t</span> <span class='ocrx_word' id='word_1_289' title='bbox 597 3942 680 4008; x_wconf 79' lang='lat' dir='ltr'>moi,n</span> <span class='ocrx_word' id='word_1_290' title='bbox 698 3946 908 4008; x_wconf 85' lang='lat' dir='ltr'>serapportent</span> <span class='ocrx_word' id='word_1_291' title='bbox 923 3943 1218 3994; x_wconf 76' lang='lat' dir='ltr'>exclusivementala</span> <span class='ocrx_word' id='word_1_292' title='bbox 1235 3941 1365 3994; x_wconf 89' lang='lat' dir='ltr'>doctrine</span> 
     </span>
     <span class='ocr_line' id='line_1_35' title="bbox 194 4031 1366 4100; baseline -0.004 -15"><span class='ocrx_word' id='word_1_293' title='bbox 194 4049 241 4100; x_wconf 86' lang='lat' dir='ltr'>que</span> <span class='ocrx_word' id='word_1_294' title='bbox 257 4035 285 4084; x_wconf 91' lang='lat' dir='ltr'>le</span> <span class='ocrx_word' id='word_1_295' title='bbox 306 4032 379 4097; x_wconf 79' lang='lat' dir='ltr'>Filo,</span> <span class='ocrx_word' id='word_1_296' title='bbox 403 4047 437 4082; x_wconf 91' lang='lat' dir='ltr'>cn</span> <span class='ocrx_word' id='word_1_297' title='bbox 457 4035 523 4084; x_wconf 86' lang='lat' dir='ltr'>tant</span> <span class='ocrx_word' id='word_1_298' title='bbox 543 4047 595 4096; x_wconf 92' lang='lat' dir='ltr'>que</span> <span class='ocrx_word' id='word_1_299' title='bbox 615 4045 689 4082; x_wconf 89' lang='lat' dir='ltr'>venu</span> <span class='ocrx_word' id='word_1_300' title='bbox 714 4046 764 4082; x_wconf 90' lang='lat' dir='ltr'>sur</span> <span class='ocrx_word' id='word_1_301' title='bbox 783 4032 812 4083; x_wconf 83' lang='lat' dir='ltr'>la</span> <span class='ocrx_word' id='word_1_302' title='bbox 833 4034 907 4082; x_wconf 87' lang='lat' dir='ltr'>terre</span> <span class='ocrx_word' id='word_1_303' title='bbox 927 4046 998 4096; x_wconf 90' lang='lat' dir='ltr'>pour</span> <span class='ocrx_word' id='word_1_304' title='bbox 1017 4047 1035 4094; x_wconf 87' lang='lat' dir='ltr'><strong>y</strong></span> <span class='ocrx_word' id='word_1_305' title='bbox 1056 4031 1176 4096; x_wconf 85' lang='lat' dir='ltr'>remplir</span> <span class='ocrx_word' id='word_1_306' title='bbox 1195 4032 1223 4081; x_wconf 84' lang='lat' dir='ltr'>la</span> <span class='ocrx_word' id='word_1_307' title='bbox 1248 4031 1366 4082; x_wconf 79' lang='lat' dir='ltr'>volonte</span> 
     </span>
     <span class='ocr_line' id='line_1_36' title="bbox 192 4119 1362 4186; baseline -0.004 -13"><span class='ocrx_word' id='word_1_308' title='bbox 192 4121 225 4173; x_wconf 90' lang='lat' dir='ltr'>du</span> <span class='ocrx_word' id='word_1_309' title='bbox 243 4124 315 4174; x_wconf 78' lang='lat' dir='ltr'>Pare</span> <span class='ocrx_word' id='word_1_310' title='bbox 335 4122 440 4172; x_wconf 76' lang='lat' dir='ltr'>celeste</span> <span class='ocrx_word' id='word_1_311' title='bbox 462 4136 512 4185; x_wconf 87' lang='lat' dir='ltr'>par</span> <span class='ocrx_word' id='word_1_312' title='bbox 532 4126 651 4186; x_wconf 85' lang='lat' dir='ltr'>rapport</span> <span class='ocrx_word' id='word_1_313' title='bbox 670 4136 705 4171; x_wconf 88' lang='lat' dir='ltr'>au</span> <span class='ocrx_word' id='word_1_314' title='bbox 726 4119 805 4170; x_wconf 86' lang='lat' dir='ltr'>salut</span> <span class='ocrx_word' id='word_1_315' title='bbox 818 4119 868 4171; x_wconf 91' lang='lat' dir='ltr'>des</span> <span class='ocrx_word' id='word_1_316' title='bbox 880 4120 1021 4184; x_wconf 79' lang='lat' dir='ltr'>humulus,</span> <span class='ocrx_word' id='word_1_317' title='bbox 1043 4121 1124 4171; x_wconf 84' lang='lat' dir='ltr'>avait</span> <span class='ocrx_word' id='word_1_318' title='bbox 1138 4134 1220 4184; x_wconf 79' lang='lat' dir='ltr'>reque</span> <span class='ocrx_word' id='word_1_319' title='bbox 1233 4119 1269 4170; x_wconf 91' lang='lat' dir='ltr'>du</span> <span class='ocrx_word' id='word_1_320' title='bbox 1283 4119 1362 4180; x_wconf 72' lang='lat' dir='ltr'>Pare,</span> 
     </span>
     <span class='ocr_line' id='line_1_37' title="bbox 156 4206 1364 4276; baseline -0.004 -17"><span class='ocrx_word' id='word_1_321' title='bbox 156 4255 158 4258; x_wconf 78' lang='grc'>,</span> <span class='ocrx_word' id='word_1_322' title='bbox 193 4214 220 4260; x_wconf 83' lang='lat' dir='ltr'>et</span> <span class='ocrx_word' id='word_1_323' title='bbox 238 4225 291 4276; x_wconf 91' lang='lat' dir='ltr'>que</span> <span class='ocrx_word' id='word_1_324' title='bbox 313 4211 340 4260; x_wconf 92' lang='lat' dir='ltr'>le</span> <span class='ocrx_word' id='word_1_325' title='bbox 361 4209 575 4274; x_wconf 75' lang='lat' dir='ltr'>Seius-Esprit‚</span> <span class='ocrx_word' id='word_1_326' title='bbox 598 4224 632 4260; x_wconf 86' lang='lat' dir='ltr'>en</span> <span class='ocrx_word' id='word_1_327' title='bbox 660 4210 726 4259; x_wconf 86' lang='lat' dir='ltr'>tant</span> <span class='ocrx_word' id='word_1_328' title='bbox 753 4222 806 4272; x_wconf 90' lang='lat' dir='ltr'>que</span> <span class='ocrx_word' id='word_1_329' title='bbox 837 4222 1000 4260; x_wconf 86' lang='lat' dir='ltr'>successeur</span> <span class='ocrx_word' id='word_1_330' title='bbox 1023 4206 1060 4258; x_wconf 91' lang='lat' dir='ltr'>du</span> <span class='ocrx_word' id='word_1_331' title='bbox 1088 4207 1152 4258; x_wconf 84' lang='lat' dir='ltr'>Fils</span> <span class='ocrx_word' id='word_1_332' title='bbox 1172 4221 1220 4258; x_wconf 77' lang='lat' dir='ltr'>sur</span> <span class='ocrx_word' id='word_1_333' title='bbox 1239 4207 1267 4257; x_wconf 84' lang='lat' dir='ltr'>la</span> <span class='ocrx_word' id='word_1_334' title='bbox 1287 4208 1364 4256; x_wconf 90' lang='lat' dir='ltr'>terre</span> 
     </span>
     <span class='ocr_line' id='line_1_38' title="bbox 193 4295 1361 4361; baseline -0.003 -11"><span class='ocrx_word' id='word_1_335' title='bbox 193 4298 261 4352; x_wconf 83' lang='lat' dir='ltr'>dune</span> <span class='ocrx_word' id='word_1_336' title='bbox 282 4302 312 4353; x_wconf 79' lang='lat' dir='ltr'>la</span> <span class='ocrx_word' id='word_1_337' title='bbox 332 4303 418 4351; x_wconf 76' lang='lat' dir='ltr'>meme</span> <span class='ocrx_word' id='word_1_338' title='bbox 438 4314 531 4352; x_wconf 80' lang='lat' dir='ltr'>(auvre</span> <span class='ocrx_word' id='word_1_339' title='bbox 546 4298 579 4351; x_wconf 88' lang='lat' dir='ltr'>de</span> <span class='ocrx_word' id='word_1_340' title='bbox 601 4301 689 4360; x_wconf 86' lang='lat' dir='ltr'>salut,</span> <span class='ocrx_word' id='word_1_341' title='bbox 708 4297 806 4349; x_wconf 82' lang='lat' dir='ltr'>deruit</span> <span class='ocrx_word' id='word_1_342' title='bbox 826 4299 952 4349; x_wconf 80' lang='lat' dir='ltr'>receuoir</span> <span class='ocrx_word' id='word_1_343' title='bbox 973 4297 1010 4349; x_wconf 87' lang='lat' dir='ltr'>du</span> <span class='ocrx_word' id='word_1_344' title='bbox 1032 4297 1119 4349; x_wconf 74' lang='lat' dir='ltr'>Filse</span> <span class='ocrx_word' id='word_1_345' title='bbox 1136 4299 1238 4350; x_wconf 74' lang='lat' dir='ltr'>Macar.</span> <span class='ocrx_word' id='word_1_346' title='bbox 1255 4313 1282 4361; x_wconf 88' lang='lat' dir='ltr'>p.</span> <span class='ocrx_word' id='word_1_347' title='bbox 1296 4295 1361 4347; x_wconf 78' lang='lat'><strong>337.</strong></span> 
     </span>
     <span class='ocr_line' id='line_1_39' title="bbox 193 4381 1362 4456; baseline -0.005 -16"><span class='ocrx_word' id='word_1_348' title='bbox 193 4390 275 4442; x_wconf 87' lang='lat' dir='ltr'>Deum</span> <span class='ocrx_word' id='word_1_349' title='bbox 295 4391 408 4441; x_wconf 75' lang='lat' dir='ltr'>bonum!</span> <span class='ocrx_word' id='word_1_350' title='bbox 430 4390 555 4456; x_wconf 85' lang='lat' dir='ltr'>Spiritus</span> <span class='ocrx_word' id='word_1_351' title='bbox 575 4381 696 4441; x_wconf 74' lang='lat' dir='ltr'>Sanctus</span> <span class='ocrx_word' id='word_1_352' title='bbox 716 4387 824 4439; x_wconf 87' lang='lat' dir='ltr'>dieitur</span> <span class='ocrx_word' id='word_1_353' title='bbox 843 4387 955 4454; x_wconf 80' lang='lat' dir='ltr'>aliquid</span> <span class='ocrx_word' id='word_1_354' title='bbox 974 4387 1101 4455; x_wconf 81' lang='lat' dir='ltr'>accipere</span> <span class='ocrx_word' id='word_1_355' title='bbox 1127 4403 1144 4439; x_wconf 87' lang='lat' dir='ltr'>a</span> <span class='ocrx_word' id='word_1_356' title='bbox 1164 4386 1288 4451; x_wconf 75' lang='lat' dir='ltr'>Christo,</span> <span class='ocrx_word' id='word_1_357' title='bbox 1305 4399 1362 4450; x_wconf 84' lang='lat' dir='ltr'>qua</span> 
     </span>
    </p>
   </div>
   <div class='ocr_carea' id='block_1_3' title="bbox 251 4496 1274 4561">
    <p class='ocr_par' dir='ltr' id='par_1_5' title="bbox 251 4496 1274 4561">
     <span class='ocr_line' id='line_1_40' title="bbox 251 4496 1274 4561; baseline -0.007 -11"><span class='ocrx_word' id='word_1_358' title='bbox 251 4505 415 4560; x_wconf 68' lang='lat' dir='ltr'>Falernum,</span> <span class='ocrx_word' id='word_1_359' title='bbox 434 4503 469 4549; x_wconf 89' lang='lat' dir='ltr'>De</span> <span class='ocrx_word' id='word_1_360' title='bbox 485 4513 597 4561; x_wconf 83' lang='lat' dir='ltr'>process.</span> <span class='ocrx_word' id='word_1_361' title='bbox 616 4501 726 4560; x_wconf 79' lang='lat' dir='ltr'>Spiritus</span> <span class='ocrx_word' id='word_1_362' title='bbox 742 4499 838 4548; x_wconf 79' lang='lat' dir='ltr'>suncti.</span> <span class='ocrx_word' id='word_1_363' title='bbox 1256 4496 1274 4543; x_wconf 72' lang='lat'>4</span> 
     </span>
    </p>
   </div>
   <div class='ocr_carea' id='block_1_4' title="bbox 0 0 1565 4988">
    <p class='ocr_par' dir='ltr' id='par_1_6' title="bbox 0 0 1565 4988">
     <span class='ocr_line' id='line_1_41' title="bbox 0 0 1565 4988; baseline 0 0"><span class='ocrx_word' id='word_1_364' title='bbox 0 0 1565 4988; x_wconf 95' lang='lat' dir='ltr'> </span> 
     </span>
    </p>
   </div>
  </div>
 </body>
</html>
