3120 4988
612 321 650 334 -
672 288 709 350 23
732 321 770 334 -

108 396 258 464 hominis
282 395 495 486 impudentis
518 399 584 465 est.
613 394 716 463 «Iste
740 393 898 484 Spiritus
922 391 1132 482 utriusque,
1160 391 1284 482 inquit

106 504 333 593 Augustinus
348 503 544 598 ,quoniam
568 502 609 570 de
633 509 781 592 utroque
807 501 974 590 procedit.
1004 499 1072 568 Sed
1099 499 1176 567 ideo
1203 523 1281 567 cum

107 613 149 681 de
173 612 236 679 illo
258 612 376 680 Filius
397 611 613 703 loqueretur,
641 611 705 695 ait,
732 609 772 676 de
795 610 903 677 Patre
923 607 1092 696 procedit,
1118 609 1282 699 quoniam

106 720 212 788 Pater
236 720 467 809 processionis
490 720 567 787 eius
581 725 636 786 est
660 722 784 784 arrctor
800 717 1038 806 (principium
1053 713 1283 807 primordiale

107 828 184 896 sine
207 826 414 916 principio),
441 827 504 918 qui
530 825 631 892 talem
656 825 789 892 Filium
819 828 963 914 perursit,
989 839 1021 890 et
1051 821 1225 913 pipnendo
1252 825 1284 888 ei

109 933 223 1017 dedit,
249 949 295 1024 ut
312 932 479 999 etiam-de
502 935 576 1023 ipso
611 931 806 1021 procederet
829 935 985 1022 Spiritus
1008 935 1168 1002 Sanctus.
1194 932 1285 999 Nam

109 1043 179 1109 nisi
203 1042 405 1133 procederet
428 1047 464 1110 et
488 1043 529 1109 de
554 1043 640 1131 ipso,
667 1065 735 1108 non
760 1041 892 1109 diceret
915 1040 1113 1130 discipulis,
1133 1039 1285 1128 accipite

110 1150 283 1241 Spiritum
307 1150 486 1235 Sanctum,
514 1173 659 1241 eumque
683 1149 899 1218 insufflando
917 1150 1028 1233 daret,
1049 1157 1090 1218 ut
1105 1171 1126 1216 a
1143 1171 1179 1217 se
1202 1170 1285 1240 quo·

111 1282 176 1351 que
200 1259 385 1348 procedere
409 1258 633 1348 significans,
660 1263 780 1347 aperte
804 1257 1004 1326 ostenderet
1028 1257 1166 1342 flando,
1194 1257 1285 1348 quod

112 1365 277 1455 spirando
302 1366 406 1433 dabat
430 1364 578 1433 occulte.
604 1363 697 1445 Quia
721 1387 804 1453 ergo
829 1364 860 1432 si
884 1378 1091 1447 nasceretur,
1115 1389 1183 1432 non
1207 1372 1288 1431 tan·

111 1478 186 1540 tum
211 1473 253 1540 de
276 1471 393 1556 Patre,
420 1494 483 1539 nec
508 1479 646 1539 tantum
660 1472 702 1539 de
717 1471 823 1556 Filio,
843 1472 902 1540 sed
921 1472 962 1540 de
978 1473 1142 1540 ambobus
1162 1472 1286 1563 utique

113 1587 336 1663 nasceretur,
363 1580 439 1647 sine
464 1580 569 1648 dubio
595 1579 711 1646 Filius
736 1577 906 1645 diceretur
929 1581 1114 1648 amborum.
1140 1579 1193 1647 Ac
1224 1601 1285 1670 per

113 1689 195 1774 hoc,
221 1692 309 1780 quia
332 1691 450 1758 Filius
477 1690 650 1756 amborum
684 1690 781 1755 nullo
810 1689 905 1756 modo
931 1704 980 1756 est
994 1739 1005 1771 ,
1030 1713 1097 1757 non
1129 1689 1288 1779 oportuit

115 1803 211 1866 nasci
234 1824 312 1869 eum
343 1799 384 1868 de
413 1801 609 1867 ambobus»
636 1799 830 1887 Augustis.
862 1799 887 1866 l.
911 1822 940 1868 c.
966 1799 1088 1891 Neque
1119 1822 1201 1867 vero
1224 1798 1287 1867 ille

117 1909 209 1976 solus
233 1908 350 1994 locus;
385 1908 444 1976 sed
479 1913 554 1975 tota
584 1905 783 1996 Augustini
818 1906 978 1974 doctrina
1015 1907 1057 1974 de
1093 1905 1285 1991 Trinitate,

117 2017 258 2106 eiusque
282 2037 385 2106 quam
409 2014 581 2104 plurimae
604 2021 640 2082 et
663 2015 821 2103 prolixae
850 2013 1108 2104 disputationes
1132 2013 1174 2081 de
1209 2035 1285 2102 pro-

119 2125 267 2194 cessione
291 2147 332 2192 sc
355 2124 454 2192 modo
478 2122 709 2213 processionis
733 2145 754 2190 a
778 2123 882 2190 Patre
905 2128 941 2190 et
955 2122 1049 2190 Filio
1065 2144 1085 2188 a
1102 2120 1289 2190 Graeculis

119 2232 368 2302 exscindendae
403 2239 541 2315 essent,
569 2231 599 2299 si
630 2231 878 2321 professionem
902 2230 1009 2299 huius
1045 2231 1222 2319 dogmatis
1246 2253 1288 2298 ex

120 2339 279 2429 operibus
302 2362 331 2405 s.
349 2338 500 2406 doctoris
524 2338 705 2406 eliminare
729 2338 874 2407 vellent.
903 2337 1003 2420 Quod
1024 2338 1148 2407 deinde
1176 2338 1292 2407 Maca-

121 2449 192 2516 rius
217 2446 464 2515 auotoritatem
479 2445 678 2534 Augustini
695 2446 797 2534 parvi
814 2445 914 2529 facit,
933 2447 993 2513 ubi
1010 2445 1182 2514 haeresim
1199 2445 1290 2513 Pho-

121 2556 249 2623 tianam
273 2554 343 2620 iam
366 2559 446 2621 ante
471 2553 546 2621 eius
570 2560 684 2621 ortum
708 2554 883 2641 coarguit,
910 2553 946 2621 id
971 2553 1097 2622 mirum
1121 2575 1190 2620 non
1221 2559 1288 2640 est;

123 2664 178 2732 sed
201 2663 358 2754 proiecto
375 2661 512 2746 mirum,
531 2663 621 2754 quod
644 2663 771 2731 audeat
788 2663 902 2731 dicere
922 2685 1029 2731 unum
1044 2662 1292 2752 Augustinum

123 2793 314 2861 repugnare
330 2771 396 2839 toti
412 2769 590 2838 Ecclesiae
606 2770 642 2839 in
659 2770 821 2839 doctrina
837 2773 878 2839 de
894 2772 1113 2860 processione
1132 2769 1294 2861 Spiritus

123 2877 241 2966 Sancti
264 2900 285 2945 a
308 2878 414 2947 Patre
437 2883 472 2946 et
493 2878 587 2947 Filio
612 2878 680 2966 (1),
708 2902 785 2948 cum
820 2879 999 2948 evidenter
1031 2881 1294 2948 demonstretur

125 3061 200 3115 lirin.
216 3063 237 3114 l.
252 3062 316 3116 XV.
329 3077 359 3114 n.
373 3061 418 3129 475
433 3062 464 3114 in
476 3063 517 3115 Io.
533 3065 616 3116 tract.
633 3064 677 3116 99.
689 3078 717 3116 ιι.
732 3059 775 3134 9.)
785 3063 816 3115 in
829 3065 1005 3130 quaestions,
1019 3078 1068 3116 cur
1080 3063 1207 3130 Spiritus
1224 3065 1294 3118 San·

125 3154 183 3204 ctus
202 3166 260 3203 non
279 3148 393 3203 dicatur
411 3153 527 3216 genitus
542 3157 575 3203 ut
593 3153 698 3218 Filius,
714 3151 788 3204 hauc
808 3141 882 3205 solet
901 3151 1134 3219 datorationem,
1153 3152 1295 3219 quianon

126 3238 156 3291 de
174 3255 230 3292 nno
249 3240 345 3305 Patre,
366 3238 415 3291 sed
434 3239 467 3291 ds
487 3240 572 3292 Patre
591 3242 676 3292 simul
695 3246 724 3292 st
742 3239 819 3292 Filio
838 3240 968 3308 procedit
986 3239 1030 3313 (ut
1049 3243 1214 3295 subsistens
1230 3257 1294 3294 san·

125 3329 208 3382 ctitas
229 3330 275 3383 vel
294 3329 421 3383 charitas
440 3345 475 3382 ex
494 3327 652 3399 ambobus).
666 3331 713 3382 Ita
731 3329 819 3383 stiam
838 3331 1018 3397 Epiphanius
1037 3330 1127 3399 docet,
1153 3330 1295 3397 Spiritum

125 3431 177 3470 non
197 3417 256 3470 dici
273 3418 391 3477 Filium.
413 3421 480 3484 quia
500 3434 556 3471 non
575 3436 592 3471 a
611 3421 672 3472 solo
697 3421 782 3472 Patre
808 3418 857 3473 ssd
879 3420 998 3472 aPatrs
1018 3424 1047 3472 et
1066 3420 1142 3473 Filio
1162 3419 1294 3488 procedit

126 3506 248 3562 Ancorst
258 3525 287 3560 n.
301 3509 345 3575 71,
355 3509 462 3562 Haercs
476 3509 520 3562 74.
533 3526 563 3562 n.
576 3511 602 3563 8.
616 3511 787 3563 Paschasius
798 3511 950 3577 Diaconus,
965 3530 977 3557 u
992 3512 1017 3563 si
1030 3513 1171 3577 requiras,
1185 3511 1292 3579 inquit,

127 3596 191 3662 quid
210 3598 290 3650 inter
318 3602 480 3651 nascentem
500 3600 530 3650 et
549 3597 746 3666 procedentem
767 3597 875 3665 distet,
904 3598 1057 3652 evidenter
1076 3599 1128 3651 hoo
1153 3600 1287 3667 interest,

127 3688 267 3752 quidiste
287 3703 321 3739 ex
340 3703 396 3740 uno
415 3690 565 3756 nascitur,
590 3689 640 3740 ille
670 3704 706 3740 ex
729 3692 851 3755 utroque
872 3689 1080 3756 progreditur»
1102 3690 1142 3741 De
1162 3688 1238 3756 Spin.
1261 3690 1289 3744 S.

126 3775 145 3828 1.
158 3777 183 3828 Ι.
200 3791 223 3829 o.
240 3777 283 3829 12.
299 3776 353 3830 cot.
367 3776 476 3832 Isidor:
488 3779 613 3844 Etymol.
630 3778 695 3831 VII.
712 3795 735 3831 c.
753 3777 779 3829 3.
796 3793 824 3830 ιι.
837 3779 864 3831 8.
877 3779 1019 3831 Macarius
1033 3779 1086 3831 hoc
1105 3794 1162 3831 non
1181 3779 1293 3834 intelll-

127 3879 193 3928 gsns
204 3863 379 3918 confidenter
393 3868 542 3921 exclamat:
558 3870 681 3920 n'est-ce
695 3885 746 3935 pas
761 3869 789 3920 lt
803 3868 992 3921 evidemmcnt
1006 3884 1060 3920 uus
1072 3869 1300 3936 interpolation?

126 3955 220 4022 lisque
241 3970 309 4008 vero
329 3959 442 4010 sanctos
461 3961 562 4011 Patres
583 3963 611 4012 st
630 3960 751 4012 maxime
769 3958 962 4023 Augustinum
981 3960 1063 4011 homo
1089 3960 1163 4011 alibi
1189 3961 1295 4025 legisse

128 4044 252 4113 ridetur,
267 4046 351 4112 duam
370 4049 401 4100 in
421 4050 608 4102 citationibus
629 4051 695 4102 hinc
714 4050 781 4102 inde
801 4049 945 4114 congestis
959 4049 990 4101 in
1005 4049 1091 4102 libris
1105 4051 1299 4117 theologorum

130 4136 369 4190 schismaticorum
389 4139 581 4192 Zoernikawii
601 4145 630 4193 et
644 4141 794 4194 similium.

173 4210 178 4220 ⁰
197 4222 242 4299 (l)
257 4246 269 4273 u
286 4226 448 4295 Supposons
467 4235 554 4283 meme
574 4232 736 4295 l'inte'grite
755 4231 789 4284 ds
808 4247 838 4285 cs
858 4249 978 4300 passage
1005 4231 1177 4298 d'Augustin
1208 4229 1299 4303 (beni-

132 4329 188 4401 gne¹
202 4323 365 4383 supponunt
383 4318 432 4386 id,
457 4319 491 4372 de
511 4336 564 4387 quo
585 4336 664 4373 nemo
684 4321 847 4374 mortalium
866 4322 998 4375 dubitare
1019 4326 1136 4390 potest;
1162 4325 1191 4375 st
1213 4335 1299 4371 unum

133 4401 279 4460 dumtaxat
297 4413 440 4463 noverunt
457 4411 662 4481 testimonium,
677 4411 727 4464 nbi
747 4415 815 4465 sunt
827 4409 973 4483 plurima),
991 4429 1044 4480 qus
1059 4411 1172 4477 signitie
1186 4412 1299 4467 l'asssr·
