3120 4988
698 224 736 239 ..
757 193 796 256 33
818 224 856 239 ..

196 299 344 367 colttcrie
369 299 540 366 haeretica
563 321 672 366 semen
697 298 902 365 catholicam
925 322 947 364 a
971 295 1129 364 cordibus
1148 297 1271 384 rapiat
1281 319 1367 386 pat·-

195 407 363 474 cclorum.
382 434 399 469 n
426 407 515 474 Tum
546 416 740 497 sequuntur
771 406 973 475 testimonia
997 405 1204 495 Scripturas
1234 428 1275 474 ac
1299 407 1368 474 Pa·

195 521 289 584 trum
314 517 377 604 (1),
406 524 479 585 ant
502 517 700 584 divinorum
724 514 894 583 librorum
911 514 1123 582 testimoniis
1140 513 1260 583 rictus
1276 513 1366 581 mul·

195 630 378 717 torumque
401 624 672 693 orthodoxorum
697 624 786 691 nube
810 623 952 691 testium
971 645 1111 712 pressas
1134 624 1281 688 ceritati
1297 645 1366 687 aaa

196 732 312 798 caleat
343 734 501 799 resistere
532 734 716 812 inimicus,-
739 731 797 797 sed
822 730 939 819 potius
965 729 1149 798 sententiis
1177 728 1367 798 catholicis

196 841 429 931 veridicisque
452 863 577 908 suasus
611 838 824 906 testimoniis
854 852 1046 905 revertatur
1073 839 1120 903 ad
1154 840 1366 905 tutissimum

194 950 372 1018 Ecclesiae
387 954 533 1018 tiaram.»
549 950 615 1016 His
629 949 777 1038 deniqne
791 947 951 1037 perlectis
969 954 1109 1017 ventum
1127 954 1181 1015 est
1196 949 1367 1016 continuo

195 1060 238 1129 ad
263 1058 509 1128 tractationem
533 1082 611 1126 cnm
635 1057 823 1141 Pontifice,
849 1058 886 1125 in
910 1082 979 1150 qua
1013 1057 1105 1124 nihil
1129 1059 1170 1126 de
1200 1059 1366 1146 dogmate

194 1168 268 1258 ipso
293 1175 409 1236 actum
433 1177 509 1252 est,
535 1167 605 1234 nisi
630 1166 720 1256 quod
756 1165 880 1253 plenus
904 1166 941 1233 in
966 1166 1056 1234 illud
1081 1189 1268 1234 consensus
1292 1165 1365 1233 iam

193 1286 298 1343 antea
323 1275 552 1357 manifestus,
579 1295 600 1340 a
623 1273 735 1341 Leone
759 1274 886 1341 iterum
921 1273 1161 1342 declararetur
1184 1282 1367 1364 tamquam
1394 1297 1399 1306 ·

193 1385 230 1452 in
254 1385 437 1454 veritatem
462 1382 542 1451 fidei
568 1382 761 1451 catholicae
786 1383 828 1449 ab
849 1382 1007 1450 omnibus
1032 1382 1197 1472 explicite
1221 1382 1367 1451 creden-

194 1493 284 1576 dam,
311 1492 362 1562 ita
386 1503 501 1560 tamen
526 1491 632 1559 uteie
656 1490 715 1582 qui
741 1490 947 1580 inculpabili
967 1492 1168 1579 ignorantia
1193 1514 1366 1560 excusan-

195 1607 266 1684 tur,
287 1601 372 1669 fidet
395 1598 569 1689 implicita
584 1599 769 1683 sufficeret,
789 1599 882 1667 sicut
898 1599 1029 1668 accidit
1046 1599 1081 1666 in
1098 1599 1257 1666 omnibus
1282 1597 1368 1687 dog·

193 1711 358 1793 metibus,
385 1732 530 1799 quorum
554 1708 683 1775 notitia
706 1731 773 1775 non
797 1718 850 1776 est
874 1708 915 1776 de
939 1711 1138 1774 necessitate
1160 1707 1266 1774 medii
1297 1706 1365 1794 (2).

192 1816 320 1906 Legati
341 1839 422 1884 vero
438 1817 479 1883 ob
496 1816 707 1904 superiorem
731 1815 940 1905 dignitatem
965 1815 1072 1883 huius
1095 1815 1255 1896 articuli,
1270 1823 1307 1881 et
1325 1815 1365 1881 ob

193 1928 425 1993 necessitatem
445 1927 635 2014 praecepti,
654 1933 694 1992 ut
709 1946 824 1992 omnes
848 1925 1045 2014 expeditius
1061 1923 1150 1992 hano
1175 1924 1366 1997 veritatem

265 2073 306 2148 (1)
327 2075 502 2130 'l'estimonia
521 2076 683 2141 Scripturas
695 2074 737 2125 ibi
750 2073 861 2140 prolata
872 2072 966 2126 reduci
982 2075 1102 2139 possunt
1116 2070 1152 2124 ad
1165 2075 1224 2123 tres
1238 2071 1362 2123 classes:
1399 2109 1401 2112 a

196 2164 267 2233 quod
289 2181 375 2232 aeque
394 2165 501 2218 dicitur
519 2165 644 2230 Spiritus
663 2164 735 2216 Filii
754 2164 827 2216 sicut
846 2164 954 2230 Patris,
970 2161 1043 2229 quod
1064 2178 1121 2234 uns
1140 2160 1276 2213 missione
1296 2160 1368 2213 mit·

198 2257 271 2308 titur
289 2272 306 2308 s
324 2257 408 2308 Patre
427 2260 456 2307 et
475 2255 562 2322 Filio,
577 2253 649 2322 quod
669 2253 797 2322 procedit
816 2255 849 2304 de
868 2271 915 2306 cre
934 2255 1039 2317 Patria·
1064 2269 1093 2306 os
1113 2259 1205 2306 autem
1224 2254 1324 2305 Patris
1345 2268 1362 2304 s

195 2361 219 2398 a.
233 2345 368 2410 Gregorio
387 2343 475 2416 (sicut
495 2346 529 2398 ab
558 2347 627 2398 aliis
655 2347 708 2398 PP.
731 2341 843 2415 multis)
868 2344 1047 2408 intelligitur
1074 2344 1178 2397 Filius.
1205 2345 1244 2397 De
1273 2343 1363 2412 primi

193 2438 222 2486 tt
241 2435 356 2486 secunus
377 2423 537 2500 argumenti
554 2435 649 2488 valore
666 2435 731 2488 vire
746 2435 798 2488 ra.
813 2435 934 2488 xxxn.
950 2436 1084 2490 xxxrrt.
1099 2437 1214 2488 rutrum
1229 2436 1361 2488 testimo-

192 2526 250 2592 nie,
271 2541 326 2578 uno
345 2519 511 2592 Hieronpmi
531 2529 659 2592 excepto,
673 2523 821 2592 desumpta
834 2529 902 2577 sunt
916 2541 950 2577 ex
965 2527 1100 2591 opusculo
1116 2524 1149 2577 de
1165 2525 1277 2592 Spiritu
1292 2525 1362 2578 San-

191 2620 246 2680 cto,
263 2616 334 2682 quod
354 2615 405 2668 hoc
424 2616 485 2682 ipso
505 2619 630 2681 tempore
651 2614 730 2666 iussu
750 2616 846 2668 Caroli
865 2615 1074 2681 insumpserat
1087 2614 1291 2681 'theodulphus
1303 2615 1362 2668 An·

195 2705 379 2758 relianensis.
396 2706 469 2758 Sunt
487 2706 545 2759 ista
565 2705 732 2758 testimonie
750 2707 864 2757 Petrum
884 2721 901 2758 s
920 2705 1025 2765 legatis
1044 2705 1161 2758 inducta
1190 2720 1246 2756 non
1276 2707 1362 2772 plura

194 2811 275 2863 quam
303 2798 429 2864 quinque
459 2812 497 2850 ss.
522 2797 680 2861 Doctorum,
696 2811 782 2862 esque
811 2811 846 2847 ex
878 2794 998 2863 C-yrillc,
1019 2793 1178 2860 Ambrosio,
1199 2794 1361 2859 Augustino

195 2902 312 2954 prorsus
332 2888 465 2952 genuinm
488 2891 585 2940 textus
603 2887 756 2940 Athanasii
777 2885 866 2953 quoad
887 2901 997 2938 sensnm
1016 2889 1113 2938 exstat
1132 2888 1162 2938 in
1182 2887 1201 2940 l.
1226 2885 1258 2938 de
1278 2884 1361 2940 Trin.

194 2982 224 3028 et
237 2977 311 3043 Spir.
328 2979 356 3031 S.
372 2993 399 3028 n.
416 2977 458 3042 19;
474 2981 632 3043 postremus
653 2992 686 3029 ex
707 2976 893 3050 Expositione
915 2976 1038 3042 symltcli
1059 2976 1111 3028 sub
1131 2975 1243 3029 nornine
1259 2975 1360 3028 Hiero-

193 3066 273 3130 nymi
294 3067 423 3132 prolatus
442 3066 509 3118 item
531 3065 621 3132 quoad
641 3081 752 3118 sensum
774 3067 881 3131 legitur
899 3066 928 3118 in
949 3066 1079 3132 Exposit.
1108 3065 1230 3132 symboli
1260 3082 1289 3119 u.
1312 3063 1359 3134 ³5,

194 3170 265 3223 quae
285 3163 329 3209 est
347 3156 453 3221 Rufini,
471 3155 523 3221 ¹sed
544 3157 610 3208 olim
631 3157 803 3221 Hieronymo
823 3157 913 3209 tribui
941 3157 1062 3210 solebat.
1076 3157 1134 3220 Quo
1158 3173 1224 3223 crgo
1252 3158 1362 3211 abeunt

192 3250 330 3302 clamores
348 3248 467 3301 Macarii
487 3245 521 3301 de
541 3247 625 3300 falsis
644 3247 845 3299 citationibus?

263 3335 305 3410 (2)
321 3359 333 3386 a
354 3339 491 3405 Quisquis
509 3334 620 3408 (aiebat
638 3335 785 3406 Pontifex)
799 3337 833 3390 ed
854 3337 904 3391 hoc
924 3352 1008 3390 seusu
1027 3337 1176 3391 subtiliori
1195 3339 1360 3406 pertingere

192 3431 342 3496 potestat
361 3428 390 3480 id
411 3429 482 3480 scire
502 3434 551 3481 aut
570 3429 662 3481 sciens
681 3428 793 3480 credere
822 3429 956 3495 noluerit,
978 3428 1075 3481 salvus
1106 3444 1166 3480 esse
1196 3444 1250 3480 non
1282 3434 1359 3497 pote·

193 3519 242 3572 rit.
270 3518 342 3571 Sunt
360 3520 435 3571 enim
455 3519 552 3586 mults,
570 3536 583 3572 e
603 3520 704 3586 quibus
723 3518 802 3572 istud
821 3534 905 3571 unum
920 3525 973 3586 est,
989 3535 1071 3573 sacra
1084 3519 1150 3572 fidei
1173 3518 1280 3573 altiora
1301 3537 1360 3588 my-

192 3609 504 3677 steriasubtiIIoraque
525 3614 710 3678 sacramenta,
736 3609 771 3663 ad
802 3626 917 3678 quornm
947 3610 1160 3676 indagationem
1192 3611 1359 3678 pertingere

191 3699 275 3750 multi
290 3701 398 3766 valent;
417 3701 500 3752 nrulti
514 3717 581 3754 vero
603 3704 653 3752 aut
672 3701 778 3753 aetatis
802 3700 966 3767 quantitate
986 3708 1034 3751 aut
1054 3701 1269 3764 intelligentiae
1291 3717 1357 3767 qna·

192 3784 277 3841 litate
306 3790 465 3858 praepediti
494 3807 550 3844 non
580 3793 689 3844 valent.
714 3791 752 3842 Et
779 3789 854 3856 ideo,
878 3796 910 3842 ut
931 3789 1135 3855 praediximus,
1160 3790 1208 3856 qui
1227 3793 1357 3856 potnerit

91 3887 94 3892 '
192 3881 221 3929 et
241 3878 375 3942 noluerit,
390 3881 488 3932 salvus
507 3896 569 3933 esse
589 3895 643 3932 non
664 3879 772 3946 poterit
792 3901 804 3927 n
825 3877 930 3950 (llansi
958 3879 1034 3932 xlv.
1050 3896 1078 3944 p.
1095 3876 1149 3949 19).
1172 3880 1247 3932 Haec
1265 3881 1357 3934 liaus-

191 3967 253 4019 rins
267 3967 424 4034 appellat«
441 3969 573 4035 dogmata
586 3972 653 4022 nori
668 3971 791 4034 generis,
810 3989 822 4016 e
840 3984 957 4035 qnorum
983 3983 1080 4041 nempe
1107 3969 1213 4021 notitia
1232 3975 1261 4022 et
1287 3969 1359 4024 fides

191 4057 326 4124 caplicita
346 4073 401 4110 non
421 4061 549 4112 omnibus
569 4061 609 4114 sit
637 4062 798 4114 necessaria
825 4059 860 4111 ud
890 4061 1021 4112 salutem.
1046 4057 1179 4111 Fortasse
1208 4075 1241 4110 ne
1270 4061 1357 4114 Rusai

191 4146 302 4213 quidem
324 4152 381 4200 tam
401 4157 479 4202 arcto
498 4151 606 4203 ambitu
625 4150 765 4203 veritates
784 4147 849 4201 fidei
870 4148 999 4200 concludi
1023 4150 1127 4214 uelint,
1153 4152 1186 4199 ut
1213 4149 1290 4201 nihil
1321 4149 1357 4202 ad

191 4235 349 4302 depositum
376 4239 443 4291 fidei
469 4242 614 4306 pertinere
644 4246 801 4307 censeatur,
821 4239 892 4308 quod
912 4239 1002 4309 pueri,
1018 4239 1355 4311 rusticl,imoaddersm,

191 4327 266 4397 quod
283 4331 377 4400 Papae
396 4335 427 4384 et
441 4330 578 4402 Episcopi
595 4332 719 4401 ipsorum
738 4333 886 4399 ignorant.
