3120 4988
792 317 829 332 -
852 285 909 349 lon
930 318 967 333 -

300 393 541 475 mentationes,
568 412 656 482 quae
679 412 779 480 saepe
803 392 896 481 ap'nd
920 392 1109 460 Photianos
1133 398 1334 485 recurrunt,
1359 397 1404 461 ut
1420 390 1471 460 in·

301 502 504 589 telligatur,
532 500 698 587 quomodo
726 499 763 566 in
787 499 946 568 doctrina
968 501 1010 567 de
1035 499 1099 569 SS.
1118 501 1295 570 Trinitate
1319 501 1471 570 articuli
1537 570 1540 574 ,

301 609 435 697 singuli
460 608 581 674 intime
605 607 824 688 cohaereant,
839 614 874 673 et
898 607 953 674 vel
978 631 1048 674 nna
1071 608 1248 696 particula
1268 614 1403 696 negata
1419 615 1474 676 to-

302 725 376 784 tum
403 715 607 803 mysterium
633 713 826 803 principale
840 714 1054 782 christianae
1070 715 1153 782 fidei
1169 720 1410 804 pervertatur.
1431 715 1473 785 Si

196 900 199 909 ι
304 824 513 913 hypostases
538 823 656 888 Patris
680 826 716 888 et
735 822 821 889 Filii
846 827 929 888 sunt
951 822 1045 889 inter
1069 845 1105 889 se
1122 824 1256 888 omnino
1273 837 1473 912 separatae,

304 955 409 1022 eoque
433 932 508 1018 ipso
532 929 702 996 essentiae
731 931 949 1021 omniumque
973 930 1225 998 attributorum
1257 933 1378 998 unitas
1403 955 1475 1000 non

305 1041 353 1108 sit
369 1040 541 1104 cormerico
559 1061 619 1105 seu
636 1037 912 1126 singularitatis,
928 1038 988 1106 sed
1005 1037 1099 1107 sicut
1115 1039 1208 1106 inter
1223 1040 1309 1108 duos
1326 1041 1476 1129 angelos

304 1157 368 1214 aut
391 1145 548 1211 homines
572 1145 621 1210 sit
643 1144 762 1210 unitas
785 1144 956 1212 essentiae
980 1146 1219 1214 tantummodo
1234 1147 1410 1236 specifica,
1437 1149 1477 1214 in

305 1255 371 1321 hac
395 1251 583 1341 hypothesi
607 1249 850 1317 tritheitarum
874 1252 962 1320 etin
978 1252 1043 1319 hac
1059 1254 1132 1318 solo
1150 1255 1338 1344 hypothesi
1362 1257 1478 1324 veris-

307 1363 431 1431 simum
455 1368 520 1443 est,
539 1381 581 1425 ex
604 1381 643 1425 eo
667 1359 756 1448 quod
782 1358 940 1448 Spiritus
962 1361 1154 1448 procedite
1170 1384 1316 1451 persona
1338 1364 1477 1451 Patris,

308 1468 514 1537 nullatenus
538 1466 700 1556 consequi
725 1487 802 1532 eum
826 1487 934 1557 aeque
950 1468 1135 1556 procedere
1158 1489 1180 1534 a
1201 1491 1348 1557 persona
1371 1471 1478 1541 Filii.

309 1577 383 1644 Imo
407 1573 500 1641 siout
522 1574 559 1639 in
584 1572 648 1638 illa
671 1572 914 1640 tritheitarum
945 1575 1106 1643 doctrina
1128 1576 1283 1665 operatio
1306 1579 1350 1646 ad
1375 1585 1485 1647 extra

309 1708 339 1753 e.
359 1708 394 1771 g.
414 1681 544 1750 creatio
567 1679 729 1772 nequiret
746 1681 879 1770 concipi
897 1688 937 1749 ut
953 1683 1107 1771 operatio
1123 1686 1233 1751 trium
1251 1708 1485 1774 personarum

311 1818 381 1860 ana
404 1814 562 1872 numero,
587 1798 623 1857 et
654 1811 820 1879 personae
843 1813 911 1857 non
935 1797 1075 1879 possent
1108 1815 1183 1862 esse
1206 1817 1311 1859 unum
1340 1820 1486 1864 numero

311 1901 524 1993 principium
548 1898 748 1980 creationis,
768 1898 827 1965 sed
851 1907 966 1966 essent
989 1906 1063 1966 tres
1086 1911 1271 1989 creatores;
1295 1903 1349 1970 ita
1371 1904 1488 1972 etiam

313 2011 350 2079 in
374 2009 444 2076 ista
468 2007 628 2075 doctriua
651 2006 803 2072 absurda
826 2007 960 2096 concipi
984 2031 1051 2075 uon
1075 2015 1216 2098 possent
1239 2011 1342 2079 Pater
1370 2022 1408 2080 et
1423 2013 1490 2081 Fi-

313 2119 384 2187 lius
408 2123 449 2186 ut
473 2139 563 2183 uuus
587 2115 741 2202 spirator
764 2137 824 2181 seu
849 2137 954 2182 unum
979 2116 1189 2206 principium
1215 2118 1423 2206 spirationis
1445 2121 1489 2190 in

314 2225 484 2294 relatione
507 2223 550 2290 ad
567 2221 707 2290 tertiam
732 2245 925 2311 personam.
944 2224 993 2290 At
1010 2225 1038 2291 si
1057 2247 1203 2314 persona
1219 2226 1337 2295 Patris
1352 2238 1390 2296 et
1406 2250 1489 2320 per·

316 2355 399 2401 sona
421 2331 520 2414 Filii,
541 2336 582 2396 ut
604 2329 690 2396 fides
713 2330 813 2398 docet
835 2330 1009 2399 catholica
1031 2338 1067 2399 et
1088 2333 1253 2401 Photiani
1278 2358 1416 2427 qnoque
1433 2340 1490 2406 fa-

316 2447 449 2522 tentur,
477 2439 537 2507 ubi
559 2461 696 2539 necesse
720 2461 788 2505 non
813 2437 942 2506 habent
965 2461 1061 2507 suam
1086 2442 1257 2509 haeresim
1276 2444 1486 2536 defendere,

316 2549 391 2619 sola
415 2547 553 2616 formali
571 2547 705 2613 ratione
720 2549 948 2633 paternitatis
963 2553 999 2615 et
1008 2549 1201 2636 filiationis
1218 2552 1491 2624 constituuntur

316 2660 409 2729 inter
433 2679 469 2724 se
492 2656 694 2739 distinctae,
713 2656 750 2722 in
766 2656 913 2746 reliquis
936 2666 1052 2724 autem
1073 2659 1231 2726 omnibus
1247 2660 1386 2728 omnino
1402 2669 1491 2733 sunt

317 2791 421 2834 onom
436 2787 589 2846 numero,-
605 2764 641 2830 in
658 2763 723 2832 hac
743 2764 998 2832 fundamentali
1021 2765 1197 2835 catholica
1221 2767 1382 2838 doctrina
1407 2792 1492 2839 saue

319 2876 381 2967 qui
397 2873 584 2942 confitetur
601 2894 780 2976 personam
793 2869 912 2938 Patris
924 2893 997 2939 esse
1011 2872 1222 2961 principium
1236 2872 1394 2963 Spiritus
1408 2875 1494 2946 San·

320 2985 382 3067 cti,
410 2981 473 3049 hoc
497 2980 571 3068 ipso
594 2978 782 3046 confitetur
806 3000 914 3068 aeque
938 3000 1117 3066 personam
1141 2979 1228 3046 Filii
1252 3003 1323 3049 una
1346 3003 1493 3052 numero

320 3091 512 3180 spiratione
527 3111 601 3156 esse
618 3086 829 3176 pruncipium
848 3086 1002 3154 eiusdem
1020 3085 1188 3177 Spiritus,
1200 3089 1284 3179 quia
1298 3091 1493 3176 spiratione

321 3200 435 3289 prima
457 3204 492 3264 et
516 3196 667 3264 secunda
698 3217 844 3285 persona
866 3217 928 3264 nec
959 3195 1226 3264 constituuntur
1250 3218 1312 3264 uec
1336 3196 1433 3266 iuter
1455 3220 1492 3268 se

322 3307 617 3393 distinguuntur,
643 3325 682 3371 eo
707 3324 850 3392 prorsus
873 3305 994 3387 modo,
1021 3326 1088 3393 quo
1112 3304 1278 3372 confitens
1308 3327 1491 3394 personam

321 3415 440 3483 Patris
463 3414 574 3481 Deum
597 3410 884 3501 omnipotentem,
910 3432 1016 3502 aeque
1039 3394 1227 3479 confitetdr
1250 3413 1359 3479 Deum
1384 3412 1491 3481 omni·

323 3527 498 3612 potentem
522 3542 702 3610 personam
719 3518 807 3586 Filii
822 3525 858 3586 et
874 3517 1028 3608 Spiritus
1044 3517 1166 3586 Sancti
1190 3540 1260 3585 una
1275 3540 1421 3588 numero
1443 3520 1493 3590 di·

326 3629 478 3710 uinitate
506 3636 542 3696 et
566 3626 841 3714 omnipotentia,
867 3626 950 3716 quia
981 3625 1154 3693 divinitas
1183 3635 1219 3694 et
1242 3627 1492 3717 omnipotentia

325 3762 392 3807 non
424 3747 478 3805 est
506 3745 589 3805 nota
618 3735 842 3824 distinguens
873 3734 933 3803 sed
968 3734 1158 3804 communis
1192 3734 1301 3803 trium
1332 3757 1491 3825 persona·

328 3871 404 3916 rum
428 3847 490 3935 (l).

393 3957 657 4024 Consideremus
681 3975 763 4023 vero
785 3953 1121 4044 argumentationem
1145 3951 1354 4019 Photianam
1383 3953 1492 4021 reciso

401 4138 442 4213 (1)
461 4143 518 4194 Hoc
532 4142 689 4208 exemplum
703 4140 836 4193 subditur
848 4141 879 4192 in
892 4139 957 4206 ipse
969 4138 1022 4190 hac
1034 4137 1213 4205 professione
1225 4138 1379 4191 llansueti.
1398 4137 1485 4191 aliun

332 4236 427 4286 antem
446 4232 565 4286 dicimus
584 4235 672 4284 Deum
689 4234 803 4284 Patrem
823 4229 1045 4294 omnipotentem,
1070 4244 1126 4281 non
1146 4231 1242 4294 potest
1260 4227 1344 4280 huius
1372 4226 1490 4280 nominis
1514 4254 1552 4286 ⁴

335 4326 467 4376 evacuari
488 4329 700 4390 sacramentnm,
715 4325 854 4390 quiscum
870 4322 987 4374 dicimus
1002 4320 1124 4387 Patrem,
1139 4318 1247 4371 riuum
1259 4317 1552 4391 commanemus—

335 4416 364 4467 οἱ
382 4428 442 4466 oum
462 4411 580 4466 dicimus
598 4413 713 4481 Filium,
729 4414 842 4464 Patrem
861 4410 1034 4464 declaramus
1049 4429 1074 4459 n.
1357 4425 1358 4428 ¹
