3120 4988
748 300 787 317 -
807 265 868 336 '178
887 303 926 319 -

252 373 411 465 ipsemet,
436 374 489 443 ita
512 371 728 446 Chalcedone
739 375 930 448 Dioscorus
946 377 1122 470 ceterique
1136 378 1342 451 defensores
1355 379 1433 452 Eu·

252 479 412 571 tychetis
433 480 624 552 Nicaeuum
643 482 839 573 symbolum
864 507 969 556 sensu
992 484 1163 555 Photiano
1185 487 1432 558 materialiter

253 589 471 679 spectabant,
496 589 628 682 hocque
651 613 754 660 sensu
778 592 823 662 ad
846 592 1089 662 declinandam
1122 614 1207 663 suae
1236 593 1427 664 haereseos

251 696 506 767 damnationem
530 698 674 789 quasvis
706 699 903 771 additiones
926 724 986 792 per
1007 699 1222 792 Ephesinum
1244 702 1428 774 decretum

252 807 385 879 uetitas
406 828 481 877 esse
512 807 795 894 conclamabant,
830 816 936 902 atque
961 809 1060 880 istud
1083 832 1190 879 uuum
1223 811 1427 901 symbolum

251 923 428 1007 tamquam
451 920 617 983 tesseram
641 915 854 987 orthodoxas
875 916 957 985 fidei
977 918 1145 987 sufficere.
1164 918 1263 989 Unde
1279 919 1425 990 Chalos·

251 1021 462 1090 doneusibus
484 1021 652 1092 Patribus
675 1024 866 1094 necessitas
889 1031 969 1095 orta
991 1031 1046 1095 est
1069 1032 1190 1095 contra
1211 1025 1279 1095 has
1303 1026 1424 1097 haere·

251 1129 400 1201 ticcrum
424 1129 737 1219 tergiversationes
753 1132 865 1222 ipsum
882 1133 1059 1204 decretum
1070 1131 1291 1222 Ephesinum
1307 1134 1423 1204 decla-
1557 1187 1560 1201 ,

250 1237 367 1308 rendi.
395 1237 552 1307 «Dolosa
575 1238 794 1326 (Dioscorus)
816 1239 998 1330 proposuit
1014 1239 1185 1329 synodum
1208 1262 1255 1308 ss.
1275 1239 1421 1332 Petrum
1552 1252 1559 1269 '

250 1342 510 1435 (Ephesinam);
537 1344 675 1435 accepit
697 1345 788 1413 enim
811 1346 1021 1435 (symbolum
1052 1346 1259 1433 Nicaenum)
1284 1347 1422 1417 addita-
1555 1359 1556 1362 ’

250 1456 366 1520 menta
388 1458 531 1542 propter
554 1474 758 1542 perversum
780 1452 999 1522 intellectum
1022 1453 1291 1524 haereticorum.
1308 1481 1326 1519 n
1343 1454 1420 1526 Nou

208 1602 223 1622 ,
250 1556 451 1646 dogmatum
474 1556 736 1648 explicationem
760 1558 1010 1648 professionem
1026 1581 1100 1628 esse
1123 1558 1347 1650 prohibitam,
1362 1562 1419 1631 sed

250 1663 463 1754 proscriptos
486 1663 682 1734 contrarios
705 1664 960 1735 haereticorum
984 1688 1131 1736 errores.
1159 1666 1314 1737 «Omnis
1328 1669 1418 1737 enim
1497 1737 1517 1746 ,

249 1769 309 1839 lex
330 1768 481 1841 iniustos
506 1792 527 1839 a
550 1770 690 1841 delictis
714 1772 865 1857 cohibet,
880 1795 950 1841 uon
973 1772 1108 1843 iudices
1125 1795 1147 1841 a
1162 1779 1337 1864 potestate
1350 1776 1419 1845 dis·
1448 1818 1532 1839 ῳ

249 1876 392 1970 iuu'git3
417 1880 503 1971 quia
536 1885 572 1949 et
605 1901 700 1948 uunc
733 1879 837 1966 licet,
866 1885 908 1949 nt
941 1881 1171 1970 ambiguitate
1203 1882 1416 1974 quaestionis
1435 1909 1543 1960 es

250 1983 372 2056 exorta
384 1987 530 2056 Petrum
543 1987 896 2078 interpretationibus
908 1994 1061 2057 nostram
1074 1990 1325 2059 confessionem
1343 2012 1554 2067 coa—m

250 2098 430 2185 ptumusn
456 2092 547 2164 Vide
569 2093 654 2162 haec
679 2093 886 2164 distinctius
909 2095 1146 2164 demonstrata
1167 2096 1205 2165 iu
1229 2097 1341 2168 citata
1359 2120 1458 2167 no-
1470 2125 1559 2173 oo·

250 2208 325 2272 stra
349 2201 456 2270 Thasi
479 2200 575 2272 XLI.
594 2225 630 2270 n.
648 2201 682 2271 2.

315 2308 455 2400 Duplex
476 2309 624 2401 itaque
613 2332 650 2379 un
666 2309 743 2400 ipso
766 2308 836 2379 iam
849 2308 1027 2400 Ephesiuo
1043 2310 1105 2380 et
1094 2334 1133 2379 ιιι
1144 2309 1539 2382 chalcedonensia
1545 2339 1560 2367 ει

249 2415 406 2487 Concilio
429 2417 569 2506 prolata
583 2424 637 2487 est
653 2419 827 2486 sententia
840 2418 907 2487 de
896 2425 1087 2488 rncommut
1072 2418 1250 2489 tabilitate
1267 2416 1558 2529 symboltIpl

248 2515 407 2595 Nicaeui.
430 2524 546 2594 Erant
561 2524 623 2616 qui
646 2525 938 2595 contenderent
899 2550 1035 2616 ,aprum
1044 2525 1239 2615 formulam
1254 2530 1431 2597 materia·
1439 2544 1559 2595 aa

249 2630 334 2700 liter
356 2635 548 2723 spectatam
570 2652 645 2700 esse
669 2631 1003 2701 incommutabiliter
1017 2632 1325 2702 retinendamsrue
1341 2626 1560 2703 1111aess

248 2735 479 2809 additione
450 2761 525 2809 srue
550 2759 634 2809 vera
657 2737 733 2809 sive
757 2738 861 2809 falsa.
886 2739 929 2811 Id
945 2740 1038 2809 omni
1058 2762 1118 2832 ops
1134 2740 1291 2812 obtinere
1315 2751 1555 2812 oona-..su

104 2843 107 2847 ’
248 2849 378 2918 bantur
401 2847 548 2938 ipsemet
569 2846 774 2932 Nestorius,
800 2847 949 2917 Ioannes
972 2847 1217 2918 Antiocheuus
1240 2851 1560 2942 ceteriquenr

247 2953 436 3026 orientales
466 2953 703 3039 schismatici,
728 2953 912 3044 Eutyches
943 2954 1024 3024 dein
1058 2961 1094 3023 et
1115 2954 1306 3026 Dioscorus
1337 2965 1558 3027 curtum

247 3062 322 3133 suis
344 3060 500 3130 haeresis
520 3058 821 3153 monophysiticae
844 3050 1175 3152 patrocinatoribus.
1192 3063 1318 3134 Patres
1332 3069 1551 3134 veruo‘2'0

246 3175 322 3240 tum
344 3166 515 3260 Ephesini
539 3170 596 3254 (ut
619 3168 946 3237 manifestissimum
970 3174 1025 3238 est
1054 3170 1258 3240 nominatim
1282 3195 1324 3242 ex
1347 3173 1447 3263 Cy-
1461 3178 1539 3213 ’θ’

246 3275 324 3347 rilli
346 3273 660 3361 declarationibus)
683 3281 759 3344 tum
781 3275 1076 3346 chalcedonenses
1092 3283 1214 3348 contra
1230 3279 1320 3350 istos
1335 3280 1453 3351 hae-r
1479 3283 1528 3329 ¹·

245 3385 372 3463 reticos
395 3383 600 3473 spectabant
623 3384 735 3470 ipsum
758 3406 891 3451 sensum
910 3384 1073 3474 symboli,
1092 3385 1254 3479 huncque
1277 3394 1514 3459 seusana:a

245 3491 473 3562 declarabant
484 3496 649 3582 perpetuo
666 3513 803 3560 manere
819 3492 1145 3582 iucommutabilem
1161 3496 1307 3566 verbum
1323 3498 1502 3566 euim!

244 3599 387 3669 Domini
410 3604 527 3668 manet
550 3599 587 3667 in
612 3606 803 3668 aeternum.
829 3598 911 3668 Ideo
934 3620 977 3668 ex
1000 3622 1070 3668 una
1092 3608 1193 3692 parte
1222 3604 1493 3693 proscribet

244 3707 330 3776 baut
353 3708 428 3778 sive
450 3706 646 3776 additiones
671 3707 747 3776 sive
777 3706 1089 3798 interpretationes
1115 3708 1230 3800 ipsum
1255 3710 1413 3781 definito·

243 3837 322 3886 rum
345 3815 546 3906 dogmatum
570 3837 708 3884 sensum
738 3821 1001 3906 pervertentes,
1027 3839 1070 3884 ex
1093 3825 1195 3908 parte
1217 3816 1332 3887 altera
1354 3821 1432 3889 ad-

245 3946 369 3995 uersus
392 3945 500 3993 novos
517 3925 725 4014 ingruentes
749 3945 884 3992 errores
907 3945 1016 3992 novas
1032 3924 1108 3993 veri
1126 3947 1249 3994 seusus
1261 3926 1417 4017 explica·

242 4031 358 4100 tiones
382 4031 456 4100 sive
480 4031 517 4099 in
534 4029 691 4121 symbolo
707 4032 765 4116 (ut
779 4030 1084 4120 Constantinopoli
1101 4032 1234 4100 factum
1251 4035 1321 4118 est)
1336 4034 1412 4103 sive

242 4160 305 4229 per
340 4137 561 4208 definitiones
597 4136 874 4230 aequipollentes
908 4136 1067 4226 symbolo
1102 4143 1161 4226 (ut
1194 4139 1327 4208 factum
1359 4147 1412 4209 est

242 4243 374 4335 Ephesi
396 4250 432 4312 et
454 4244 683 4330 Chalcedone)
706 4266 773 4312 nou
797 4242 909 4312 solum
933 4245 1144 4333 permissas,
1171 4245 1229 4314 sed
1253 4269 1315 4337 pro
1338 4270 1410 4315 mu·

242 4373 324 4422 nere
346 4351 524 4422 Ecclesiae
548 4350 702 4422 custodis
726 4350 808 4419 fidei
832 4350 936 4420 etiem
961 4353 1175 4423 necessarias
1200 4374 1274 4422 asse
1297 4353 1412 4449 decla·
