3120 4988
669 335 707 353 -
729 303 787 367 157
808 337 845 355 «-

169 411 376 480 zienzcnum
399 414 435 479 et
457 405 687 478 Anastasium
711 409 897 496 sinaitam,
912 415 991 479 tum
1013 414 1087 480 trec
1110 409 1192 479 illos
1215 410 1253 479 iu
1272 409 1343 479 hec

171 540 278 587 cause
307 517 508 588 notissimos
539 517 819 601 Theodoretum‚'
841 518 1056 605 Maximum,
1082 519 1246 589 Ioennsm
1273 521 1342 591 De·

171 618 382 697 mesconem.
826 699 828 702 ,
1374 716 1378 719 -

241 737 275 805 1⁰
298 737 360 805 Eoo
377 738 542 826 Grsqorio
560 734 644 826 quid
667 737 806 804 teudem
823 735 1003 825 proferet?
1024 734 1128 806 Nihil
1143 735 1254 820 eliud,
1269 737 1344 809 nisi

172 848 265 940 quod
289 869 318 916 s.
338 846 537 935 Theologus
561 844 731 912 adversus
755 843 908 911 Arianos
928 844 1044 928 docet,
1069 864 1138 912 non
1162 845 1260 914 modo
1282 846 1343 916 Fi-

172 956 259 1024 lium
285 955 344 1025 sed
367 962 403 1022 et
425 953 596 1043 Spiritum
620 951 787 1021 Sanctum
805 951 989 1042 procedere
1005 975 1048 1021 ex
1064 953 1182 1040 Putre,
1201 963 1236 1023 et
1252 957 1343 1047 quod

171 1063 272 1133 Petri
298 1063 336 1131 iu
358 1061 615 1152 companctione
638 1082 715 1128 cum
733 1060 827 1128 Filio
851 1060 926 1129 sole
947 1060 1041 1128 rutio
1057 1085 1179 1129 caesae
1201 1062 1345 1152 proprie

175 1177 238 1256 est,
264 1171 397 1263 hecque
420 1169 495 1238 sole
517 1193 539 1238 c
553 1168 647 1237 Filio
662 1168 912 1258 distinguitur,
933 1191 1011 1238 cum
1026 1169 1099 1237 elie
1115 1170 1229 1238 omnie
1243 1171 1344 1240 Petri

172 1277 345 1371 Filioque,
358 1277 431 1346 siut
454 1278 660 1347 communie.
685 1277 737 1345 At
752 1277 837 1346 hoec
855 1278 1026 1367 professio
1049 1279 1209 1347 omuibus
1225 1280 1344 1349 cetho·

171 1387 252 1457 licis
277 1381 468 1457 communis
492 1386 632 1455 minime
655 1400 773 1475 nepot,
791 1387 850 1455 sed
875 1386 944 1454 imo
960 1386 1084 1455 saltem
1101 1386 1273 1476 implicite
1289 1389 1344 1458 ef·

167 1497 292 1565 firmet
313 1493 564 1586 processionem
587 1514 608 1560 e
624 1493 729 1561 Patre
753 1516 816 1584 per
837 1493 983 1580 Filium,
998 1517 1061 1564 seu
1078 1495 1184 1586 (quod
1199 1494 1343 1586 perinde

165 1609 241 1692 est)
265 1625 287 1670 e
309 1605 416 1671 Petne
439 1609 475 1670 et
496 1601 591 1670 Filio
615 1609 657 1670 ut
680 1623 748 1670 nuo
772 1600 955 1692 principio.

239 1715 277 1799 a)
300 1711 402 1793 Prior
425 1711 523 1779 locus
538 1731 561 1776 e
575 1710 728 1780 Macerio
745 1710 879 1779 citetur
894 1733 937 1780 ex
953 1711 1109 1780 oratioue
1124 1710 1240 1782 XXV.
1254 1734 1290 1780 n.
1301 1710 1345 1780 16

152 1822 225 1908 ἱ(ἰιι
249 1819 390 1888 leudem
413 1817 605 1906 Hieronis).
635 1817 850 1888 «Commune
867 1823 922 1887 est
937 1818 1037 1888 Petri
1054 1826 1090 1886 et
1104 1817 1198 1886 Filio
1214 1824 1250 1887 et
1266 1817 1344 1907 Spi-

156 1926 262 1998 ritui
288 1926 416 1995 Seucto
439 1948 515 1994 esse
538 1924 744 2009 increatum,
762 1931 799 1994 et
818 1924 1009 1995 communis
1032 1925 1225 2012 divinites;
1251 1924 1345 1994 Filio

152 2045 292 2105 autem
308 2041 345 2104 et
362 2034 515 2125 Spiritui
538 2034 667 2105 Sancto
683 2057 859 2105 commuue
875 2040 942 2120 est,
960 2035 1050 2127 quod
1066 2039 1151 2102 sunt
1167 2057 1208 2112 ex
1224 2033 1342 2102 Petne.

156 2145 358 2235 Proprium
381 2167 465 2214 vero
488 2144 606 2213 Petris
630 2151 684 2213 est
706 2166 780 2214 esse
795 2144 1007 2234 ingenitum,
1026 2145 1167 2235 proprie
1181 2143 1269 2212 Filii
1285 2167 1345 2234 ge-

158 2256 323 2343 meretio,
349 2254 507 2345 Spiritus
531 2254 653 2325 Sancti
676 2255 843 2323 omission
871 2256 931 2345 (l).
956 2254 1109 2324 Athaco
1133 2255 1239 2324 verbe
1257 2275 1345 2345 quee

165 2365 413 2434 tantummodo
436 2363 609 2453 affirmant
622 2401 633 2446 ,=
657 2361 832 2451 Spiritum
857 2362 1023 2432 Senctunn
1055 2361 1149 2432 haud
1180 2384 1281 2431 secus
1303 2383 1345 2430 ec

162 2472 306 2543 lilium
329 2493 397 2539 nou
420 2493 494 2540 esse
518 2491 699 2561 pereouem
732 2469 807 2538 sine
831 2470 1007 2561 principio
1030 2471 1091 2541 sed
1115 2472 1300 2561 procedere
1324 2463 1376 2541 ef

170 2582 296 2663 Petre,
322 2578 489 2672 quomodo
514 2600 642 2671 quaeso
665 2590 806 2668 nequet,
832 2578 1007 2669 Spiritum
1032 2579 1215 2668 procedere
1239 2579 1344 2648 etiem

173 2705 199 2757 o
215 2685 337 2757 Filio?
360 2687 518 2757 Profecto
549 2685 715 2755 catholici
740 2706 856 2756 omues
876 2686 1106 2776 profitemur,
1133 2687 1224 2778 quod
1247 2686 1345 2755 hisce

175 2797 294 2867 verbis
316 2795 469 2880 dicitur,
494 2795 635 2863 Petrum
664 2815 739 2863 esee
763 2794 908 2884 primam
932 2816 1114 2884 personam
1138 2817 1245 2887 eoque
1269 2795 1344 2884 ipso

173 2904 371 2996 ingenitam
385 2947 402 2987 ‚o
419 2924 460 2972 ex
487 2923 555 2993 que
578 2903 743 2991 procedet
766 2906 841 2969 tum
866 2902 1018 2971 secunde
1041 2911 1116 2971 tum
1139 2902 1248 2971 tertie
1269 2925 1343 2993 per·

173 3036 275 3101 sone;
302 3012 360 3081 his
383 3034 467 3101 ergo
490 3011 632 3098 duobus
657 3009 816 3099 personis
840 3008 904 3079 hoc
927 3032 1001 3079 esse
1032 3033 1228 3094 commune,
1253 3005 1345 3104 quod

172 3131 258 3194 sunt
282 3143 324 3189 ex
339 3122 457 3206 Petne,
476 3118 643 3211 quamdiu
659 3117 735 3187 sole
752 3117 927 3207 processio
949 3125 986 3186 et
1008 3140 1083 3188 esee
1095 3139 1137 3186 ex
1154 3118 1342 3209 principio,

172 3229 325 3300 noudum
348 3249 431 3297 vero
465 3225 580 3293 orodes
601 3227 827 3315 processionis
859 3234 1058 3316 spectetur,
1085 3236 1203 3296 utrum
1225 3225 1344 3295 Filius

173 3338 265 3405 solos
289 3359 330 3404 eoo
353 3336 423 3402 solo
447 3336 564 3418 Putre,
583 3333 740 3422 Spiritus
764 3343 880 3402 eutem
897 3333 1062 3423 procedet
1078 3359 1120 3402 ec
1134 3336 1244 3404 Perre
1258 3359 1345 3426 quc·

177 3460 271 3514 renos
295 3435 399 3509 uorem
430 3456 478 3509 est
500 3467 573 3510 cem
596 3442 704 3510 Filio.
731 3443 782 3511 De
806 3442 866 3509 hoo
888 3441 983 3508 modo
1007 3446 1234 3532 processionis
1258 3443 1344 3530 Groe

177 3554 303 3642 gorius
319 3544 356 3618 iri
380 3550 450 3618 isto
473 3550 673 3619 testimonio
696 3548 820 3619 seltem
849 3551 980 3620 directe
1004 3559 1039 3620 et
1062 3551 1227 3641 explicite
1251 3549 1345 3621 nihil

179 3664 313 3756 quidem
337 3660 510 3740 affirmet,
535 3661 594 3728 ced
619 3659 729 3728 multo
753 3646 867 3729 minue
898 3661 1149 3753 processionem
1173 3683 1215 3729 ex
1239 3660 1344 3731 Patre

179 3775 216 3841 ut
240 3793 348 3840 unum
371 3775 426 3838 eet
448 3792 527 3838 cum
542 3767 636 3836 Filio
652 3777 715 3837 eut
738 3769 882 3839 hoc'eut
901 3769 971 3837 elio
988 3770 1114 3861 quovis
1131 3769 1206 3838 loco
1223 3777 1341 3861 neget,

180 3901 262 3972 queo
286 3877 429 3967 negotio
453 3876 528 3945 sole
549 3877 703 3946 Macerio
727 3877 855 3946 fuisset
878 3879 1070 3967 probende.

241 3984 365 4055 Potius
388 3984 571 4053 advertere
594 3982 794 4052 debuissent
809 3984 986 4068 Photieni,
1006 3984 1216 4073 Gregorium
1233 3983 1343 4056 Theo·

172 4093 293 4184 logum
309 4092 372 4186 qui
388 4092 470 4160 eliis
494 4092 616 4162 multis
632 4092 798 4161 Patribus
813 4087 977 4182 praebuit
993 4084 1148 4162 normam
1164 4094 1340 4187 loquendi,

244 4255 286 4333 (1)
304 4253 394 4316 Kornos
414 4281 467 4332 γαρ
487 4280 564 4331 noros
585 4280 632 4330 μιν
651 4279 695 4313 και
717 4258 760 4326 riser
780 4279 822 4311 και
842 4258 910 4328 eipso
930 4279 1064 4332 πνευματι
1085 4281 1115 4313 το
1134 4283 1171 4333 μη
1195 4281 1345 4334 γεγονεναι,

152 4367 221 4402 και
237 4351 253 4411 ἦ
269 4347 376 4411 θεοτης·
397 4348 440 4420 oisc
460 4353 487 4404 de
507 4371 550 4403 και
569 4348 636 4421 ἁγιῳ
655 4365 785 4420 conopon
806 4368 835 4403 rc
857 4346 884 4402 ir
901 4368 947 4402 ooo
970 4370 1075 4422 corpor.
1091 4346 1167 4406 ’licor
1191 4355 1218 4406 δε
1244 4369 1343 4421 cerpus

132 4452 223 4510 [w
247 4438 263 4500 i
282 4438 438 4512 ἀγιννησια,
457 4436 501 4508 υἰῳ
520 4441 545 4493 δι
564 4437 582 4500 η’
600 4458 731 4510 premet,
748 4454 899 4512 πνευματος
917 4441 945 4494 co
963 4435 1156 4512 discredam
