3120 4988
682 358 719 371 -
741 323 799 386 295
821 356 858 369 -

191 428 252 515 (ci.
272 451 378 518 supra
394 434 515 497 eontra
531 427 723 501 Macarium
740 457 773 521 p,
794 431 851 501 63.
869 435 982 523 sq.)...
996 432 1050 500 Et
1065 431 1156 523 qood
1172 431 1259 498 idem
1274 435 1357 521 Spi-

190 540 294 602 ritus·
307 535 400 604 Filii
415 539 473 619 sit,
491 537 611 603 moltis
626 541 885 627 scripturarum
903 541 1107 605 testimoniis
1123 542 1353 629 producimus,
1386 610 1387 615 γ

191 656 225 710 ct
248 634 340 734 qood
364 656 462 727 totos
476 657 611 710 moneat
627 647 664 710 in
691 645 800 728 Filio,
820 661 851 713 et
869 649 958 712 sicot
975 645 1132 735 procedit
1156 673 1177 714 a
1201 649 1270 714 Deo
1288 648 1358 714 Pa·

193 765 255 832 tre,
275 754 328 817 ita
348 751 504 839 procedit
528 777 550 818 o
574 754 695 837 Filio,
720 768 759 819 ot
783 768 855 820 tota
887 756 1043 822 Trinitas
1078 780 1165 822 onus
1201 755 1360 823 credatur

192 860 283 926 Deos
303 890 324 924 n.
338 858 470 948 (Migne
494 859 537 928 Τ.
555 859 669 928 LXII.
688 885 724 951 p.
741 862 940 952 aot-301).

258 965 325 1032 His
349 966 506 1033 omnibus
528 964 620 1034 nihil
638 975 750 1035 motus
775 971 977 1060 Langcnius
998 974 1104 1042 verba
1127 973 1192 1041 illa
1215 996 1256 1043 ex
1282 997 1359 1044 con·

192 1078 295 1140 textu
319 1073 456 1156 avulsa,
479 1073 660 1163 «sufficere
675 1074 838 1163 fidelihus
864 1078 1013 1162 credere,
1043 1083 1129 1171 qaia
1161 1082 1315 1170 Spiritus
1338 1107 1361 1149 a

194 1182 303 1248 Patre
324 1180 504 1270 procedens
528 1195 588 1263 est,
608 1213 623 1247 n
642 1184 790 1254 assumit
814 1184 914 1254 velut
948 1187 1199 1277 probationem,
1219 1215 1235 1248 u
1260 1188 1360 1278 Vigi-

193 1290 282 1357 lium
306 1291 555 1379 processionem
584 1313 611 1357 'a
634 1290 753 1380 Patre
776 1293 939 1386 Filioque
966 1319 1034 1364 non
1066 1286 1289 1387 computasse
1316 1297 1360 1365 ad

194 1396 386 1482 doctrinam
409 1401 624 1488 symbolicam
641 1431 657 1465 r
677 1401 739 1487 (1),
762 1387 1012 1492 “respiciendo
1036 1405 1139 1488 forte,
1164 1410 1206 1473 ut
1228 1405 1291 1491 ait,
1318 1404 1362 1473 ad

196 1507 392 1595 symbolum
416 1508 838 1598 constantinopolitanum
864 1541 894 1580 n.
925 1510 993 1579 Sed
1018 1513 1102 1603 quid
1127 1511 1191 1581 hoc
1215 1512 1362 1581 monstri

195 1615 280 1682 est?
307 1614 440 1684 Vultne
465 1616 532 1685 sibi
555 1618 804 1703 tantummodo,
821 1627 973 1708 tempore
997 1620 1126 1710 vigilii
1161 1619 1378 1709 explicatio

198 1744 275 1789 nem
298 1745 360 1809 per
383 1723 593 1812 particulam
626 1727 793 1818 Filioque
815 1728 966 1795 nondum
1000 1728 1111 1795 fuisse
1140 1726 1176 1794 in
1214 1715 1365 1794 formula

199 1832 351 1921 symboli
363 1832 756 1923 constantinopolitani,
770 1857 814 1902 an
828 1857 910 1905 vero
927 1835 1087 1920 affirmat,
1106 1833 1281 1923 Vigilium
1298 1856 1365 1901 non

198 1940 384 2027 agnovisse
401 1939 493 2009 hunc
517 1943 707 2030 genuinum
724 1964 861 2011 sensnm
877 1940 1045 2031 symboli?
1070 1941 1224 2009 Primum
1249 1963 1377 2008 omnes*

199 2056 340 2131 norunt,
362 2050 420 2118 sed
444 2050 537 2117 nihil
561 2051 603 2119 ad
628 2074 699 2120 rem
722 2052 877 2140 pertinet
900 2056 936 2118 et
970 2051 1014 2118 ad
1038 2072 1178 2138 scopum
1208 2048 1366 2116 Bonnen-

203 2157 253 2224 sis
269 2155 539 2247 disputationis;
558 2157 705 2228 alterum
722 2158 880 2247 vigilius
896 2159 970 2247 ipse
986 2155 1133 2240 refellit,
1152 2179 1228 2224 cum
1246 2157 1281 2223 in
1304 2178 1366 2223 suo

206 2264 358 2332 “libello
382 2264 464 2333 fidei
482 2296 497 2330 n
517 2289 577 2334 seu
602 2267 756 2357 symbolo
781 2266 1014 2356 explicatiori,
1032 2270 1067 2333 et
1090 2266 1128 2332 in
1152 2264 1381 2353 oppositionev

206 2375 466 2453 “confessionis
501 2373 693 2443 catholicae
717 2382 839 2443 contra
873 2373 1122 2466 professionem
1153 2373 1365 2441 Arianamr

202 2479 333 2552 diserte
357 2481 561 2551 credendam
583 2487 755 2573 proponat
770 2481 1020 2572 processionem
1044 2480 1138 2550 sicut
1160 2480 1300 2549 aPatre
1317 2479 1368 2548 ita

202 2588 353 2658 aFilic.

268 2695 337 2763 Isti
362 2703 444 2765 sunt
470 2698 592 2767 Patres
615 2720 742 2784 omnes,
773 2697 811 2765 in
846 2720 930 2788 quos
965 2702 1063 2765 actor
1086 2695 1367 2765 Reinkensianus

205 2824 302 2870 suam
329 2803 488 2894 immicis
513 2805 667 2894 experiri
702 2804 836 2888 voluit,
866 2805 898 2872 si
921 2802 1141 2872 dimittamus
1172 2801 1367 2889 Origenem,

205 2912 306 2979 cuius
329 2912 524 2981 doctrinam
549 2913 590 2981 de
614 2913 752 3003 Spiritu
770 2912 910 2997 Sancte,
929 2911 1014 2979 licet
1037 2910 1111 2977 sola
1129 2917 1286 2999 spectata
1302 2910 1371 2975 ori·

205 3022 287 3108 piae
310 3044 333 3085 c
357 3021 452 3087 Filio
477 3021 757 3105 disertissimam,
776 3042 869 3087 nunc
893 3019 1091 3089 examinare
1107 3039 1168 3085 nec
1192 3017 1292 3084 lubet
1306 3037 1369 3083 nec

207 3149 293 3216 opus
316 3129 414 3196 nobis
438 3134 492 3198 est
514 3129 609 3216 (vide
634 3128 754 3196 Tract.
785 3128 827 3196 de
851 3127 950 3194 Trin.
981 3127 1034 3194 ed.
1062 3127 1095 3195 2.
1113 3150 1146 3215 p.
1160 3124 1239 3202 489.
1258 3121 1366 3208 490.).

207 3236 335 3304 Censeo
359 3258 453 3320 vero,
472 3237 583 3325 ipsam
599 3236 803 3304 relationem
827 3240 1113 3324 argumentorum
1128 3233 1373 3320 Langeniano·

207 3366 285 3411 rum
310 3365 397 3434 quae
419 3344 571 3413 fideliter
596 3343 980 3433 descripsimus,<etiam
1004 3344 1111 3411 solam
1127 3365 1187 3431 per
1204 3365 1277 3410 sese
1294 3362 1373 3408 con·

208 3452 397 3520 tutationis
420 3451 494 3533 loco
515 3474 622 3541 posse
644 3452 812 3536 sufficere,
832 3460 873 3520 ut
900 3474 1037 3529 necesse
1061 3473 1129 3518 non
1158 3449 1206 3516 sit
1229 3445 1373 3535 singula

208 3561 371 3651 persequi
395 3583 435 3628 ac
451 3559 613 3649 strophas
637 3583 752 3629 omnes
776 3583 985 3649 expungere.

275 3669 399 3736 Patres
423 3669 624 3759 frequenter
659 3690 762 3736 unam
787 3669 950 3736 deitatem
976 3669 1012 3734 in
1047 3665 1162 3733 tribus
1194 3661 1377 3731 distinctis

209 3775 368 3866 personis
391 3783 592 3864 proponunt
603 3782 639 3843 et
660 3774 840 3864 explicant
855 3798 897 3843 ex
921 3775 1009 3863 ipsis
1032 3771 1309 3863 processionibus
1325 3769 1376 3836 in·

211 3883 323 3950 ternis
348 3905 410 3950 seu
432 3903 474 3949 ex
499 3882 806 3950 communicatione
830 3879 1012 3974 essentiae3
1039 3879 1205 3969 quomodo
1229 3900 1312 3966 ergo
1335 3899 1378 3944 ex

213 4011 263 4073 eo,
283 3988 373 4080 quod
398 3988 585 4080 aliquando
610 3988 792 4079 postulant
814 3987 917 4055 iidem
941 3986 1149 4054 divinitatis
1174 3994 1209 4053 et
1233 3985 1379 4053 consub-

214 4097 465 4166 stantialitatis
481 4120 718 4187 personarum,
738 4098 823 4188 quin
840 4095 1006 4186 explicite
1024 4102 1286 4163 commemorent
1301 4116 1381 4182 pro-

215 4204 387 4276 cessiones
402 4207 508 4296 ipsas,
526 4207 649 4276 deduci
666 4214 792 4297 potest,
811 4205 1064 4294 processionem
1081 4203 1237 4292 Spiritus
1254 4202 1377 4270 Sancti

289 4423 331 4500 (1)
349 4425 400 4483 Ale
420 4426 593 4495 symbolisch
612 4427 664 4482 hat
680 4425 807 4492 vigilius
827 4421 876 4479 dar
895 4415 1030 4492 Filioque
1048 4421 1129 4476 nieht
1147 4420 1312 4477 bchnndclt.
