3120 4988
694 328 732 342 ..
752 296 792 358 28
812 329 850 343 ..

190 399 430 469 distinctionis
453 405 717 490 personarum),
747 406 783 469 et
806 398 1065 488 significatione
1094 399 1212 467 minus
1235 400 1363 469 stricta

190 509 366 574 missionis
387 513 490 600 (quae
506 510 543 577 in
559 531 622 576 suo
647 531 751 576 sensu
767 510 908 597 proprio
932 507 1084 576 includit
1100 507 1363 576 distinctionem

189 616 366 686 mittentis
390 625 425 685 et
449 616 561 701 missi)
586 617 660 706 ipss
685 622 727 684 ut
748 617 857 714 Deus,
877 618 990 685 mittit
1014 615 1165 705 seipsum
1190 630 1230 684 ut
1253 615 1365 683 homi-

191 747 268 793 nem
285 724 435 811 (ratione
451 723 692 792 distinctionis
716 746 784 792 non
800 748 1025 815 personarum
1050 725 1108 793 sed
1125 726 1363 809 naturarum).

258 833 358 901 Hanc
382 832 556 922 duplicem
580 833 755 902 diversam
771 833 942 902 rationem
967 831 1144 899 missionis
1160 831 1259 916 Filii,
1279 832 1367 922 quio

192 941 336 1010 Verbum
360 965 437 1007 caro
457 941 597 1030 factum
621 956 680 1024 est,
700 947 736 1010 et
758 941 906 1011 aiteram
930 956 969 1007 ut
994 942 1137 1010 Verbum
1155 965 1232 1008 caro
1250 943 1366 1030 fieret,

192 1049 371 1141 praeclare
405 1049 560 1139 explicat
589 1050 828 1139 Augustinus.
848 1051 965 1119 Primo
996 1057 1170 1142 qnatenus
1201 1049 1367 1118 Christus

192 1163 371 1247 spectatur
395 1164 435 1225 ut
459 1157 570 1242 homo,
597 1183 625 1227 s.
644 1158 765 1227 doctor
787 1159 945 1229 concedit
966 1180 1034 1226 non
1056 1158 1193 1227 ratione
1216 1165 1367 1226 naturae

102 1345 105 1352 Δ
192 1265 474 1356 praeexistentis,
494 1267 584 1356 quod
610 1267 864 1335 contendebant
886 1266 1027 1350 Ariani,
1058 1267 1117 1334 sed
1141 1266 1277 1335 ratione
1302 1266 1367 1335 hu·

192 1373 374 1441 manitatis
398 1379 611 1461 assumptae,
630 1375 792 1440 minorem
807 1377 946 1440 missum
970 1396 1037 1439 esse
1053 1397 1074 1438 1
1097 1374 1238 1455 maiore,
1257 1373 1368 1440 homi·

193 1504 268 1550 nem
291 1503 411 1571 nempe
436 1503 456 1548 a
479 1481 563 1549 Deo.
592 1508 608 1545 a
638 1481 723 1550 Cum
747 1505 831 1569 ergo
855 1483 954 1550 venit
976 1480 1159 1572 plenitudo
1183 1481 1365 1570 temporis,

193 1588 291 1657 misit
313 1590 406 1658 Deus
429 1587 562 1656 Filium
587 1610 688 1656 suum
724 1589 858 1656 factum
882 1610 924 1656 ex
949 1587 1118 1672 muliere,
1146 1589 1280 1655 factum
1304 1589 1369 1656 sub

193 1694 283 1783 lege,
302 1695 512 1787 usqueadeo
536 1716 696 1785 parvum,
715 1704 756 1763 ut
772 1696 918 1782 factum3
938 1680 977 1761 so
990 1697 1109 1785 itaque
1129 1696 1281 1776 missum,
1300 1716 1368 1785 quo

194 1804 340 1872 factum.
370 1802 409 1870 Si
434 1825 535 1891 *ergo
569 1803 679 1870 maior
714 1803 830 1872 mittit
850 1804 1030 1881 ,minorem
1066 1809 1121 1891 (ut
1156 1803 1369 1871 obiiciebent

196 1909 351 1996 Ariani),
370 1911 523 1978 fatemur
547 1916 582 1977 et
598 1931 659 1978 nos
684 1911 817 1978 factum
834 1911 1014 1999 minorem,
1035 1923 1067 1976 et
1091 1912 1281 1976 1111111111
1305 1909 1367 1973 mi-

197 2041 311 2090 norem
342 2019 572 2108 inquantum
589 2017 742 2106 factum,
761 2032 793 2085 et
817 2019 855 2084 iu
879 2033 1012 2085 tumtum
1030 2017 1170 2106 factum
1195 2020 1233 2082 111
1257 2040 1368 2108 quun-

196 2138 266 2192 tum
286 2127 436 2194 missum,
456 2151 473 2188 u

260 2234 326 2302 His
350 2233 516 2302 continuo
551 2233 671 2332 subdit
701 2233 847 2303 alteram
871 2256 893 2303 a
922 2234 995 2303 solo
1028 2237 1133 2305 Patre
1168 2235 1366 2302 missionem

193 2340 282 2410 Filii
306 2343 495 2411 secundum
519 2341 676 2411 divinam
710 2349 884 2412 naturam.
915 2343 997 2412 asi
1027 2351 1144 2413 autem
1176 2344 1366 2412 secundum

195 2439 264 2518 hoc¹
283 2449 411 2518 missus
435 2472 456 2517 a
479 2452 586 2518 Patre
608 2449 725 2519 Filius
742 2451 886 2536 dicitur,
906 2452 988 2542 quia
1012 2451 1073 2520 ille
1096 2453 1201 2519 Pater
1217 2458 1284 2535 est,
1304 2451 1367 2521 illc

193 2557 323 2642 Filius,
341 2557 441 2627 nullo
463 2558 562 2627 modo
593 2558 750 2647 impedit,
780 2566 821 2627 ut
845 2562 1026 2628 credamus
1060 2559 1236 2652 aequalem
1265 2560 1367 2628 Patri

195 2689 269 2737 esse
291 2667 424 2735 Filium
448 2673 485 2736 et
508 2666 840 2735 consubstantialem
862 2673 898 2737 et
922 2673 1166 2752 coaeternum,
1191 2667 1367 2737 ettamen

195 2801 218 2844 o
241 2778 349 2845 Patre
371 2779 509 2843 missum
531 2775 677 2843 Filium.
696 2775 773 2844 Non
798 2774 881 2866 quia
905 2775 966 2843 ille
988 2777 1098 2843 maior
1121 2782 1186 2860 est,
1212 2775 1276 2842 ille
1300 2776 1364 2844 mi·

194 2907 270 2972 nor,
289 2884 349 2953 sed
372 2883 456 2976 quia
472 2882 534 2951 ille
557 2883 674 2967 Pater,
693 2882 755 2950 ille
777 2882 907 2969 Filius,
925 2882 988 2951 ille
1011 2883 1163 2970 genitor,
1182 2882 1244 2950 ille
1269 2883 1368 2970 geni-

194 2996 266 3078 tus,
286 2991 349 3057 ills
372 3014 395 3057 o
410 3014 477 3082 quo
494 3003 543 3055 est
559 2991 623 3080 qui
637 2991 806 3072 mittitur,
822 2989 885 3055 ille
899 2992 962 3080 qui
978 3004 1026 3056 est
1041 2992 1084 3056 ab
1102 3014 1136 3056 so
1154 2992 1218 3082 qui
1239 2993 1364 3058 mittit.

194 3098 311 3167 Filius
334 3096 424 3166 enim
449 3120 469 3165 a
492 3098 598 3165 Patre
622 3103 687 3180 est,
707 3118 774 3164 non
799 3097 903 3165 Pater
926 3097 1068 3165 aFilio.
1087 3096 1284 3165 Secundum
1302 3097 1367 3168 hoc

195 3206 265 3274 iam
288 3211 404 3296 potest
427 3203 596 3293 intelligi,
626 3229 692 3271 uon
724 3217 858 3270 tautum
881 3202 957 3271 ideo
988 3202 1060 3272 dici
1092 3207 1214 3271 missus
1249 3206 1367 3272 Filius

195 3317 282 3408 quio
306 3314 447 3382 Verbum
470 3338 547 3380 caro
566 3312 800 3401 factumest,
829 3312 887 3381 sed
909 3310 991 3381 idco
1006 3318 1127 3381 missus
1160 3330 1199 3380 ut
1225 3316 1367 3383 Verbum

196 3447 274 3492 caro
292 3425 434 3514 fieret...
463 3422 500 3492 id
524 3429 578 3491 est
600 3436 640 3487 ut
661 3446 729 3489 mors
753 3437 887 3489 rantum
923 3422 1015 3489 bomo
1039 3426 1161 3490 missus
1185 3425 1368 3513 1111111191-

129 3598 135 3612 ,
198 3546 255 3599 tur
270 3532 363 3625 quod
382 3531 520 3599 Verbum
532 3530 671 3617 fuctum
688 3545 750 3613 est,
767 3532 826 3598 sed
841 3546 874 3597 et
891 3531 1033 3599 Verbum
1055 3535 1192 3599 missum
1215 3547 1255 3598 ut
1273 3533 1366 3599 bomo

191 3639 307 3728 florea·
323 3638 406 3729 quia
422 3661 491 3706 non
514 3637 703 3707 secundum
716 3637 882 3728 imparem
898 3647 1105 3729 potestatem
1130 3639 1187 3709 vel
1203 3641 1368 3709 substan·

196 3747 283 3816 tiam
307 3747 364 3816 vel
388 3745 526 3835 aliquid
550 3743 640 3836 quod
664 3745 701 3812 in
725 3767 763 3837 eo
778 3746 878 3814 Patri
901 3770 970 3814 non
993 3748 1043 3815 sit
1063 3748 1219 3838 aequale,
1238 3748 1367 3815 missus

197 3861 263 3943 est,
282 3853 339 3922 sed
362 3852 541 3922 seeundum
565 3852 603 3919 id
624 3850 717 3944 quod
738 3854 855 3920 Filios
875 3879 897 3920 a
921 3854 1029 3923 Patre
1053 3869 1114 3938 est,
1131 3879 1198 3921 mors
1222 3857 1330 3923 Pater
1345 3878 1368 3921 1

197 3962 336 4032 Filio...
355 3962 450 4044 Quid
473 3985 557 4052 ergo
580 3965 719 4050 mirum,
738 3962 769 4033 si
785 3964 953 4049 mittitur,
971 3988 1039 4032 non
1063 3967 1147 4056 quia
1170 3965 1368 4056 inaequalis

198 4076 253 4142 est
275 4071 385 4155 Patri,
404 4073 462 4139 ssd
486 4073 570 4165 quia
592 4081 646 4142 est
677 4074 831 4142 manatio
856 4074 1023 4165 quaedam
1058 4073 1235 4143 claritatis
1260 4073 1369 4142 omni-

198 4177 352 4271 potentis¹
374 4179 441 4248 Dei
464 4181 626 4250 sincera?
648 4164 1042 4272 (Sap.V11.25)...Ae
1067 4183 1130 4249 illo
1148 4185 1267 4274 itaque
1289 4186 1367 4249 mie-

199 4289 306 4370 titur‚
337 4311 360 4354 o
382 4311 448 4378 quo
483 4304 620 4356 emanat
649 4289 847 4379 (Sapientia
879 4289 1133 4379 hypostatica).
1164 4289 1229 4359 Sed
1260 4292 1367 4360 aliter

199 4394 356 4466 mittitur
380 4401 421 4464 ut
443 4396 492 4465 sit
507 4419 585 4467 cum
608 4395 819 4486 hominibus,
837 4397 941 4466 aliter
965 4395 1071 4467 missa
1086 4404 1141 4467 est
1160 4403 1202 4467 ut
1223 4396 1302 4488 ipsa
1318 4399 1367 4470 sit
