3158 4980
653 347 691 363 -
713 315 771 379 roe
792 349 830 364 -

130 435 207 487 tre
227 445 292 510 per
315 424 450 490 Filium
480 424 658 511 tenuisse3
686 424 746 492 sed
770 404 832 512 pro
856 445 958 511 scopo
982 421 1133 490 Concilii
1164 420 1224 512 qui
1255 426 1333 488 erat

130 531 313 599 defensio
337 533 540 600 divinitatis
557 532 713 624 Spiritus
731 531 854 600 Sancti
870 538 906 599 et
919 531 1150 620 processionis
1166 553 1209 597 ex
1225 529 1333 597 Patre

132 661 173 706 a
198 639 462 708 Macedonianis
477 648 637 729 negatae,
657 664 854 728 expressam
870 639 957 707 Filii
975 661 1110 730 quoque
1127 640 1334 706 mentionem

131 769 227 814 mon
251 748 364 815 fuisse
388 746 620 815 necessariam
643 751 695 835 (p.
712 746 782 831 61).
801 749 921 836 Ipsum
940 746 1158 815 Theodorum
1175 747 1333 836 Mopsue-

138 861 299 923 stenum
321 860 358 924 et
370 856 625 925 Theodoreturn
643 855 942 946 Spiritus-Sancti
958 855 1164 924 relationem
1181 855 1334 943 originis

142 965 202 1034 ad
226 964 360 1033 Filium
384 987 602 1057 nequaquam
627 968 663 1034 in
689 967 832 1035 dubium
857 987 1010 1052 vocasse3
1038 965 1097 1032 sed
1121 971 1332 1033 tantummo-

150 1071 202 1138 do
234 1090 379 1160 negasse
414 1073 895 1142 contraPneumatomachos
932 1073 1142 1141 creationem
1174 1070 1332 1161 Spiritus
1429 1154 1436 1165 Ι

153 1199 180 1245 a
204 1178 298 1245 Filio
335 1190 398 1247 aut
421 1204 482 1269 per
509 1179 643 1247 Filium
667 1186 715 1270 (p.
735 1180 789 1249 92.
821 1184 903 1272 sq.).
930 1182 1118 1248 Rusticum
1151 1179 1337 1246 diaconum

163 1284 340 1353 uminime
365 1286 566 1372 dubitasse,
595 1287 678 1378 quin
703 1286 821 1356 Filius
847 1288 944 1356 modo
973 1287 1092 1379 aliquo
1128 1285 1336 1355 relationem

161 1392 290 1460 habeat
313 1395 356 1461 ad
380 1396 632 1483 processionem
657 1396 814 1485 Spiritus
839 1396 1004 1484 Sancti3n
1032 1397 1090 1464 sed
1115 1401 1257 1485 propter
1286 1393 1336 1460 di·

164 1524 300 1570 versam
325 1504 470 1571 formam
497 1502 663 1595 loquendi
699 1507 791 1593 apud
814 1504 956 1588 Patres,
983 1527 1061 1572 cum
1095 1503 1159 1569 alii
1185 1527 1206 1568 a
1231 1504 1339 1568 Patre

159 1632 222 1696 per
245 1612 399 1693 Filium,
424 1613 487 1679 alii
513 1637 534 1678 a
557 1615 665 1680 ,Patre
688 1614 852 1704 Filioque
876 1614 1049 1702 Spiritum
1075 1612 1260 1701 procedere
1285 1611 1337 1678 di-

164 1718 310 1804 xissent,
336 1721 369 1788 ei
394 1720 631 1809 quaestionem
654 1721 695 1788 de
715 1721 912 1808 parimodo
929 1720 1162 1810 processionis
1187 1718 1338 1785 nondum

164 1827 315 1895 solutam
340 1853 380 1896 ac
404 1831 675 1897 demonstratam
700 1830 811 1898 visam
830 1853 903 1898 esse
921 1833 971 1917 (p·
990 1829 1082 1914 105).
1101 1828 1156 1895 Ex
1174 1827 1238 1894 hae
1257 1848 1340 1893 vero

164 1936 304 2005 Rustici
339 1938 567 2028 inquisitione
603 1940 658 2026 (de
698 1961 768 2029 qua
802 1962 864 2006 nos
901 1938 1056 2006 diximus
1089 1937 1126 2004 in
1163 1936 1339 2003 Tractatu

167 2043 233 2110 rh.
252 2043 488 2131 XXXVIII.),
506 2054 599 2113 etex
624 2047 743 2114 verbis
767 2046 903 2134 Pelagii
920 2045 950 2114 1.
970 2046 1006 2111 in
1024 2043 1241 2132 expositione
1257 2041 1340 2109 fidei

167 2152 210 2220 ad
234 2151 497 2221 Childebertum
520 2176 637 2241 regem
653 2154 881 2251 Francorum,
904 2155 995 2246 equi
1012 2153 1198 2242 (Spiritus)
1214 2175 1256 2219 ex
1273 2153 1341 2219 Pa-

167 2269 220 2330 tre
245 2261 525 2352 intemporaliter
549 2263 749 2352 procedens,
769 2259 891 2329 Petris
908 2277 956 2339 est
972 2264 1133 2351 Filiiqce
1147 2261 1337 2349 Spiritus„

168 2369 370 2458 Langenius
394 2368 745 2437 animadvertendum
768 2390 842 2438 esse
867 2377 981 2459 putat,
1012 2371 1172 2437 «Romae
1197 2390 1236 2435 eo
1258 2372 1342 2434 tem·

169 2500 250 2566 pore
274 2478 429 2564 (saeculo
453 2477 535 2564 VI.)
560 2477 751 2546 articulum
776 2479 939 2570 Filioque
969 2478 1122 2546 nondum
1147 2475 1258 2545 fuisse
1282 2473 1344 2541 ha-

172 2586 285 2654 bitum
309 2609 381 2654 rem
405 2586 652 2675 exploratam„
680 2587 744 2672 (1).

243 2818 282 2891 (1)
301 2823 377 2876 Haec
391 2824 442 2876 ille
456 2825 664 2878 animadvertit
676 2827 710 2878 de
721 2825 852 2879 doctrina
867 2826 1011 2880 Ecclesiae
1028 2826 1180 2887 Romanae,
1196 2825 1346 2887 postquam

174 2909 264 2962 multa
277 2909 400 2979 dixerat,
422 2914 574 2979 exquibus
590 2916 704 2966 omnino
723 2915 897 2967 contrarium
912 2914 1019 2966 fnisset
1037 2911 1228 2964 inferendum.
1248 2912 1305 2962 Leo
1320 2910 1344 2961 Ι.

173 3001 318 3070 Pontifex,
339 3002 450 3056 fatente
463 3005 619 3070 Langenio,
641 3006 692 3058 ubi
711 3005 866 3058 «formulis
880 3006 1071 3071 symbolorum
1083 3003 1175 3054 utitur
1186 3022 1211 3068 n,
1233 3002 1346 3055 omnino

174 3089 255 3143 docet
273 3094 480 3158 processionem
500 3112 531 3145 erc
544 3096 630 3146 Patre
648 3103 674 3146 et
692 3096 781 3161 Filio,
804 3097 866 3149 sive
886 3098 919 3146 ab
932 3105 1052 3161 utroque
1066 3093 1106 3167 (p.
1122 3089 1191 3161 Π).
1205 3093 1271 3158 Ipso
1285 3107 1345 3144 sae-

172 3183 235 3233 culo
250 3183 300 3233 VI.
322 3183 399 3235 hand
419 3183 468 3236 din
489 3187 556 3237 ante
576 3185 723 3249 Pelagium
741 3187 765 3237 I.
786 3186 953 3239 Hormisdas
973 3187 1035 3238 eins
1055 3190 1217 3239 antecessor
1236 3185 1347 3236 Iustino

172 3271 340 3337 imperatori
358 3273 441 3325 fidem
460 3276 602 3341 exposuit,
626 3275 799 3342 aproprinm
820 3291 881 3327 esse
896 3275 1023 3342 Spiritus
1038 3275 1148 3340 Sancti,
1169 3281 1202 3325 et
1217 3274 1250 3324 dc
1262 3273 1349 3324 Patre

167 3365 200 3410 'ct
212 3360 293 3410 Filio
298 3362 460 3424 procederet
474 3365 524 3416 sub
539 3379 594 3414 una
609 3365 772 3418 substantia
783 3364 925 3418 deitatis»
946 3364 987 3438 (p.
1001 3362 1087 3435 103.).
1103 3366 1206 3417 Confer
1219 3368 1348 3417 nostram

173 3453 289 3505 Thesim
302 3453 418 3506 XXXV.
439 3455 561 3521 Insuper
579 3455 606 3506 si
625 3457 770 3519 Langenio
786 3456 935 3524 credimus,
957 3455 1046 3510 forma
1065 3456 1211 3508 doctrinae
1233 3455 1265 3507 de
1284 3470 1349 3521 pro·

173 3544 302 3595 cessione
322 3561 339 3593 a
354 3544 441 3593 Patre
460 3543 596 3610 Filioque
613 3560 664 3611 per
682 3546 872 3610 Augustinum
892 3549 1018 3613 exculta,
1041 3545 1176 3612 temporis
1195 3559 1347 3612 progressu

173 3632 265 3696 magis
279 3632 425 3699 magisque
443 3633 474 3684 in
488 3633 616 3686 Ecclesia
630 3634 801 3689 occidentali
821 3638 996 3705 praevaluit.
1016 3635 1180 3699 Augustino
1195 3639 1297 3699 antem,
1317 3635 1350 3685 nt

175 3723 325 3776 verissime
336 3724 454 3785 Langen
468 3723 596 3789 affirmat,
612 3725 810 3792 aequipollens
822 3732 884 3781 crat
896 3729 1016 3781 formula
1029 3727 1146 3791 biblica,
1160 3725 1275 3777 tertiam
1290 3740 1351 3790 per-

177 3825 274 3862 sonam
295 3826 357 3863 esse
374 3810 512 3875 Spiritum
530 3811 602 3862 sicut
616 3813 712 3864 Patris
730 3814 773 3865 ito
787 3816 870 3879 Filii,
893 3821 922 3869 et
941 3818 1034 3868 altera
1052 3814 1189 3879 Spiritum
1201 3814 1353 3879 procedere

176 3916 208 3950 cx
219 3901 306 3951 Patre
317 3900 450 3966 Filioque
463 3897 542 3970 (pag.
557 3898 627 3972 aa).
642 3903 798 3955 Verissime
813 3907 900 3957 etiam
913 3905 1076 3971 Langenins
1089 3907 1225 3971 testatur,
1240 3906 1353 3957 saeculo

175 3978 290 4042 hocVI.
308 3988 486 4044 «doctrinam
506 3989 538 4041 dc
559 3991 738 4057 processione
758 4009 774 4045 a
792 3993 878 4046 Patre
897 3995 1041 4060 Filioque,
1068 3992 1142 4059 apud
1162 3991 1353 4045 occidentales

180 4083 238 4132 tam
257 4078 380 4131 firmiter
398 4078 556 4130 radicatam
574 4078 664 4132 fnisse
684 4080 715 4132 in
730 4082 906 4134 conscientia
920 4083 987 4135 fidei
1006 4079 1048 4151 (in
1063 4081 1124 4136 dem
1139 4081 1354 4146 dogmatischen

176 4163 399 4237 Bewusrtsein),
425 4171 459 4220 ut
476 4169 650 4234 Fulgentius
669 4169 750 4222 illam
773 4171 865 4224 forma
885 4173 1073 4225 strictissima
1092 4173 1235 4238 tamquam
1255 4171 1356 4236 dogma

177 4261 244 4313 fidei
264 4260 470 4326 inculcaverit,
497 4259 575 4312 haud
595 4276 673 4313 secus
694 4277 724 4313 ac
743 4263 907 4315 continetur
926 4265 957 4316 in
977 4265 1106 4330 symbolo
1126 4263 1326 4316 Athanasiano
1339 4282 1352 4309 n

179 4349 218 4423 (p.
242 4349 327 4422 103.).
350 4353 447 4418 Ipsum
466 4350 518 4403 hoc
541 4352 699 4416 symbolum
721 4352 950 4407 Athanasiennm
971 4355 1090 4420 Langen
1115 4355 1223 4407 fatetur
1247 4352 1354 4406 editum

180 4444 291 4498 raecnlo
304 4445 351 4510 V.,
372 4445 458 4509 atque
478 4456 513 4494 ex
532 4441 585 4496 illo
604 4445 719 4512 patere,
746 4461 779 4498 ea
797 4449 893 4500 aetate
915 4444 998 4501 fidem
1017 4445 1210 4515 processionis
1232 4445 1354 4498 ePatre
