3120 4988
766 348 804 362 -
826 314 884 378 ass
905 344 954 363 --

360 489 392 566 ς.
418 480 487 547 III.
513 481 742 569 Lanpeniana
768 481 935 568 confessio
961 477 1001 544 de
1024 480 1171 546 Potrum
1196 501 1359 545 consensu

504 591 542 654 in
565 588 724 655 doctrina
746 591 971 676 processionis
995 611 1056 678 per
1079 581 1213 655 Filium
1310 591 1318 631 ἶ

736 711 797 763 aut
821 718 842 762 a
865 696 972 765 Filio.

337 855 481 924 Inducit
504 879 525 925 a
548 856 598 926 ΙΙ.
625 858 669 925 ad
692 858 759 928 IX.
785 859 961 927 saeculum
987 858 1145 927 doctores
1169 864 1204 926 et
1233 860 1361 925 Patres
1384 857 1451 924 Ee·

272 962 400 1032 elesiae
418 965 683 1048 Tertullianum,
708 966 900 1056 Cripenem,
920 968 1125 1055 Greporium
1142 966 1451 1053 Thaumaturpum,

271 1073 527 1155 Athanasium,
553 1075 758 1140 Marcellum
782 1075 1008 1164 Ancyranum
1022 1123 1032 1157 ,
1059 1074 1265 1157 Hilarium,
1298 1075 1454 1142 Marium

274 1179 513 1264 Victorinum,
542 1181 715 1270 Cprillum
738 1183 1108 1271 Hierosolymitanum,
1134 1183 1311 1250 Racilium
1319 1222 1334 1264 ,-
1359 1184 1452 1273 Epi-

266 1292 450 1379 plsaninm,
477 1289 663 1377 Didymum
686 1291 749 1378 (1),
776 1292 1005 1373 Ambrosium,
1022 1293 1227 1380 Creporium
1243 1292 1450 1380 Nyssenum,

273 1397 544 1478 Nazianzenum,
569 1399 840 1487 Hieronymum,
869 1400 1062 1467 Concilium
1084 1400 1110 1468 I
1132 1399 1350 1482 Toletanum,
1377 1401 1451 1467 Au·

272 1506 469 1592 pastinum,
496 1505 687 1572 Paulinum
711 1507 903 1589 Nolanum,
929 1507 1071 1573 honam
1093 1505 1159 1588 M.,
1184 1505 1384 1574 Concilium
1408 1507 1457 1575 Π

275 1611 489 1694 Toletanum,
515 1613 700 1700 symbolum
723 1615 1020 1695 Athanasianum,
1040 1614 1210 1703 Vipilium
1236 1614 1452 1700 Tapsensem,

182 1737 184 1740 ’
275 1718 504 1802 Gennadium,
529 1720 703 1808 Cyrillum
726 1722 1020 1804 Alexandrinum,
1040 1722 1216 1791 Gelasium
1234 1720 1452 1809 Cyzicenum,

273 1826 501 1893 Anastasium
526 1829 790 1912 Antiochenum,
816 1829 1041 1897 Hormisu'am
1064 1831 1278 1917 Pontificem,
1299 1828 1456 1917 Fulpen·

275 1936 374 2015 tium,
402 1935 596 2002 Concilium
620 1938 692 2006 III
714 1939 923 2021 Toletanum,
943 1938 1150 2026 Creporium
1170 1937 1236 2019 M.,
1257 1935 1457 2005 Concilium

273 2042 518 2128 Hotfeldense,
545 2046 750 2128 Maximum,
775 2047 942 2114 Ioannem
964 2047 1234 2128 Damascenum,
1267 2047 1457 2112 Tarasium

275 2149 313 2213 in
339 2147 494 2216 Concilio
522 2148 606 2233 VII,
633 2151 796 2241 Carolum
811 2154 852 2220 Μ
853 2207 859 2221 .
866 2202 876 2235 ,
896 2152 1090 2220 Concilium
1105 2151 1360 2232 Foroiuliense,
1379 2152 1459 2220 Ha·

276 2256 437 2322 drianum
460 2258 487 2326 I
507 2259 727 2348 Pontificem,
752 2263 894 2328 Leonem
917 2261 1009 2344 III,
1036 2260 1229 2328 Concilium
1251 2261 1460 2350 Aquispra-

279 2391 390 2436 nense.

343 2483 416 2549 Hos
432 2504 548 2548 omnes
564 2482 698 2547 fatetur
714 2485 750 2547 et
765 2478 929 2548 adductis
949 2501 1066 2547 eorum
1086 2477 1200 2546 verbis
1216 2477 1456 2563 demonstrat,

276 2590 380 2678 plena
404 2588 626 2656 consensione
650 2587 804 2656 tenuisse
828 2594 863 2655 el
887 2587 1046 2655 docuisse
1071 2599 1243 2652 aeternam
1267 2587 1466 2651 immanen-

280 2712 344 2762 tem
353 2700 613 2784 processionem,
628 2697 681 2762 vel
698 2698 922 2782 acceptionem
940 2697 1118 2775 essentiae,
1131 2692 1185 2760 cel
1196 2694 1467 2759 subsistentiam

276 2804 432 2890 Spiritus
455 2805 577 2873 Sancti
601 2828 623 2868 a
646 2805 754 2871 Patre
775 2827 837 2890 per
861 2802 1007 2882 Filium,
1025 2808 1088 2869 aut
1105 2825 1127 2867 a
1144 2800 1253 2866 Patre
1276 2801 1463 2890 Filioque.

277 2909 366 2976 Tum
391 2910 427 2976 in
451 2910 562 2998 priori
580 2910 709 2977 eumin
727 2909 912 2997 posteriori
931 2909 1028 2976 modo
1045 2906 1260 2994 exprimendi
1278 2906 1468 2994 dogmatis

277 3016 338 3100 (of.
357 3040 391 3104 p.
412 3016 487 3083 125.
509 3016 604 3100 126.)
621 3016 841 3083 intellectum
859 3039 899 3082 ac
917 3017 1097 3084 defensum
1114 3015 1225 3082 fuisse
1240 3014 1468 3104 principium

277 3120 502 3208 primordiale
527 3123 563 3188 in
587 3122 713 3207 Patre,
741 3123 833 3214 quod
856 3122 972 3190 Filius
998 3145 1065 3189 non
1089 3143 1110 3187 a
1135 3144 1193 3205 se,
1221 3121 1280 3188 sed
1303 3141 1326 3186 a
1351 3121 1467 3190 Patre

278 3231 374 3298 fonte
398 3231 567 3319 originali
592 3232 731 3314 habeat,
758 3237 801 3306 ut
824 3230 932 3298 eiiam
955 3230 1030 3318 ipse
1047 3229 1096 3298 sit
1121 3223 1220 3317 origo
1243 3229 1368 3297 active
1382 3228 1467 3318 Spi-

278 3343 371 3409 ritus
396 3342 529 3409 Saneii.
556 3341 655 3408 Hauc
680 3342 865 3408 dumtaxat
889 3339 1060 3406 rationem
1076 3338 1186 3405 fontis
1203 3337 1397 3426 originalis
1425 3339 1466 3406 in

272 3450 383 3517 ,Patre
408 3455 539 3516 sartam
563 3471 604 3516 ac
627 3454 756 3516 tectam
793 3447 947 3515 voluisse
971 3453 1047 3514 lum
1072 3446 1161 3514 alios
1197 3444 1359 3513 doctores
1383 3453 1468 3514 tum

279 3558 486 3625 nominatim
509 3555 699 3624 Maximum
722 3561 756 3623 et
779 3554 944 3622 Ioannem
960 3555 1224 3637 Damascenum,
1245 3553 1471 3642 quandoper

280 3665 412 3732 Filium
436 3689 504 3733 non
529 3671 645 3732 tamen
669 3689 691 3730 a
715 3664 823 3746 Filio,
851 3669 886 3731 el
910 3685 931 3729 a
954 3663 1060 3730 Patre
1086 3685 1153 3728 non
1178 3665 1295 3728 autem
1319 3682 1342 3727 a
1365 3652 1470 3753 Rilio

280 3786 318 3837 ut
341 3797 363 3838 a
387 3797 489 3839 causa
514 3773 688 3861 Spiritum
714 3771 883 3840 Sanctum
907 3772 1092 3861 procedere
1116 3769 1187 3838 dici
1205 3756 1418 3839 voluerunt}

346 3884 454 3950 Porro
487 3883 621 3949 fatetur
652 3882 880 3970 Langenius,
907 3878 1057 3947 Consilii
1089 3879 1155 3947 ΟΡ.
1183 3879 1401 3946 oecumenici
1428 3881 1470 3948 II

210 4072 215 4086 ⁸
281 3992 405 4059 Patres
430 3990 504 4057 sine
522 3990 627 4058 dubio
645 4012 857 4057 communem
875 3987 1085 4056 sententiam
1102 3985 1335 4101 processionis
1352 4011 1375 4051 a
1394 3988 1471 4054 Pa-

352 4172 393 4246 (1)
412 4176 530 4240 Langen
550 4175 590 4247 (p.
605 4171 652 4244 44)
673 4176 803 4241 appellat
820 4181 948 4225 sanetum
967 4173 1134 4238 Didymum‚
1155 4171 1230 4223 forle
1250 4171 1314 4223 ideo
1336 4171 1409 4238 quia
1430 4173 1469 4226 il·

281 4268 338 4319 lum
359 4267 468 4332 reperit
490 4267 569 4318 inter
589 4266 747 4319 haereticos
768 4268 944 4316 numeratum
964 4260 1033 4334 (non
1052 4263 1152 4329 ulique
1178 4262 1291 4314 ratione
1311 4261 1470 4317 doctrinae

282 4356 315 4409 de
330 4356 379 4409 SS.
394 4357 550 4423 Trinitale,
571 4358 602 4409 in
616 4372 672 4423 qua
690 4359 767 4407 teste
787 4355 962 4419 Hieronymo
982 4357 1057 4406 sont.
1074 4354 1176 4406 Ruffin.
1191 4353 1230 4406 ΙΙ.
1246 4368 1276 4404 u.
1290 4351 1334 4427 ld.
1360 4357 1469 4410 uteru

208 4502 212 4509 ,
281 4447 438 4504 catholicus
456 4450 538 4513 esan
560 4445 609 4498 sed
629 4447 663 4499 ob
683 4460 793 4500 errores
812 4442 1065 4515 origenistarum).
