3120 4988
597 336 635 350 ..
656 303 695 367 39
716 335 754 349 ..

13 395 15 408 ’
92 414 276 500 pturarum
299 416 335 480 et
358 413 503 479 Petrum
526 409 640 498 ipsius
663 431 828 499 personae
852 408 1051 477 missionem
1082 430 1184 484 sensu
1210 429 1265 476 ca·

92 517 221 585 tholico
238 517 454 585 intellectam
473 517 683 606 simpliciter
700 538 830 604 negare
846 516 989 604 cogitur
1006 517 1048 584 ad
1066 537 1163 583 suam
1181 515 1261 584 hae·

92 606 235 694 reticem
259 626 480 713 negationem
514 625 745 714 processionis
781 623 938 714 Spiritus
962 624 1083 695 Sancti
1115 647 1137 693 a
1167 624 1263 693 Filio

93 732 253 801 mittente
277 731 466 821 sophistice
490 732 665 800 tuendam.

158 841 192 928 d)
217 839 255 906 si
279 840 473 908 Macarinm
496 839 672 922 audimus,
694 841 918 907 «secundum
941 840 1136 908 doctrinam
1167 846 1264 910 vete-

93 970 168 1016 rum
192 949 338 1014 Patrum
361 947 477 1014 Filius
501 944 614 1015 mittit
638 944 812 1034 Spiritum
836 946 1015 1032 Sanctum,
1044 956 1079 1016 et
1102 948 1261 1017 vicissim

94 1075 113 1121 a
136 1054 275 1144 Spiritu
299 1053 426 1121 Sancto
450 1053 609 1121 mittitur
632 1054 771 1142 proprie
795 1076 855 1143 per
890 1054 1063 1135 unitatem
1087 1058 1259 1126 essentiae

96 1171 129 1231 et
152 1186 213 1252 per
238 1160 543 1251 participationem
562 1167 625 1228 aut
639 1162 914 1249 cooperationem
931 1161 1036 1229 nnius
1054 1186 1131 1231 cum
1148 1165 1261 1233 altero

95 1268 129 1335 in
151 1269 306 1358 ipsorum
329 1269 516 1337 actibus.»
548 1268 598 1355 (1)
627 1268 757 1338 Omitto
781 1269 914 1337 dictum
947 1270 1045 1339 istud
1078 1271 1266 1359 indignum

97 1377 256 1466 theologo
281 1374 321 1444 de
339 1378 616 1466 participatione
639 1379 676 1444 in
701 1377 839 1446 actibus
862 1378 968 1446 unius
991 1402 1156 1468 personae
1188 1403 1267 1449 cnm

98 1487 219 1555 altera.
237 1484 346 1556 Nulla
369 1485 419 1553 ibi
443 1487 579 1575 concipi
603 1494 720 1575 potest
738 1488 986 1574 participatio,
1013 1490 1073 1556 ubi
1097 1489 1191 1557 sicui
1216 1512 1268 1558 es·

99 1595 227 1662 sentiae
251 1594 304 1661 ita
328 1592 438 1660 omnis
461 1594 674 1681 operationis
700 1603 753 1662 est
776 1593 937 1663 absoluta
960 1597 1098 1684 unitaa;
1118 1599 1269 1687 partici-

42 1734 46 1749 ·
93 1704 191 1790 patio
216 1702 419 1770 divinarum
443 1702 696 1790 perfectionum
720 1703 896 1792 reperitur
920 1703 956 1770 in
981 1706 1154 1774 creaturis
1178 1706 1270 1774 deri·
1346 1768 1349 1775 ,

99 1819 180 1880 vata
202 1833 225 1876 a
248 1810 332 1894 Deo,
349 1790 458 1876 causa
481 1810 670 1898 exemplari
692 1818 728 1878 et
763 1811 944 1880 efficiente.
970 1812 1077 1880 Porro
1102 1814 1192 1904 quod
1217 1813 1270 1882 di-

103 1919 204 1986 citur:
228 1918 378 1986 uFilius
403 1916 516 1985 mittit
540 1916 711 2010 Spiritum
742 1917 907 1987 Sanctum
928 1942 992 2007 per
1026 1923 1197 1988 unitatem
1221 1945 1270 1987 es-

101 2027 240 2108 sentiae,
261 2053 276 2086 n
296 2023 353 2094 vel
377 2023 515 2091 nullum
540 2023 597 2091 vel
622 2047 745 2112 parum
769 2026 940 2092 commode
964 2027 1102 2115 quidem
1130 2049 1268 2117 expres·

104 2155 174 2201 sum
200 2135 259 2202 sed
283 2139 399 2201 tamen
434 2132 572 2199 omnino
597 2132 809 2200 catholicum
844 2132 949 2200 habet
983 2157 1121 2203 sensum
1146 2144 1270 2204 contra

103 2242 209 2331 ipsam
233 2241 405 2309 haeresim
427 2238 647 2325 Photianam,
666 2241 709 2309 ad
727 2241 827 2309 cuius
844 2241 1076 2311 defensionem
1091 2242 1271 2313 Macarius

103 2348 168 2416 ista
191 2348 344 2416 inducit.
362 2347 584 2415 Enuntiatur
606 2347 698 2415 enim
716 2346 872 2437 ‘primum
903 2348 1084 2418 distinctio
1108 2375 1271 2441 persona-

102 2456 144 2524 lis
169 2457 265 2524 inter
287 2456 421 2524 Filium
445 2456 641 2524 mittentem
665 2461 701 2523 et
735 2455 908 2545 Spiritum
933 2459 975 2525 ab
1000 2459 1075 2547 ipso
1112 2461 1268 2548 missum;
1302 2539 1305 2550 Ι

103 2571 173 2633 tum
196 2586 280 2632 vero
304 2559 351 2650 (ei
374 2563 493 2631 missio
512 2587 577 2653 per
600 2565 769 2628 unitatem
793 2567 957 2631 essentiae
972 2566 1108 2657 aliquid
1132 2568 1269 2658 signifi·

105 2678 169 2758 cet)
187 2672 391 2740 declaratur
411 2674 641 2762 principium,
660 2696 726 2762 qno
743 2673 860 2742 Filius
876 2674 988 2741 mittit
1005 2673 1190 2764 Spiritum,
1205 2702 1271 2766 per

104 2785 270 2847 unitatem
292 2783 457 2846 nimirum
481 2783 513 2848 d:
534 2804 562 2847 e.
577 2805 640 2871 per
664 2783 997 2848 communicationem
1031 2787 1135 2849 nnius
1165 2808 1273 2852 esaon-

106 2894 171 2958 tiae
195 2906 228 2958 et
252 2893 473 2980 operationis.
492 2890 606 2981 Atqui
627 2890 800 2979 processio
824 2911 845 2956 u
868 2889 962 2958 Filio
979 2890 1071 2959 nihil
1088 2897 1142 2961 est
1157 2893 1269 2979 aliud,

106 3022 203 3091 quam
226 2999 312 3067 haec
336 2999 413 3088 ipsa
436 2998 626 3067 aeternalis
650 2997 915 3066 communicatio
938 3001 1109 3069 essentiae
1133 3022 1154 3066 a
1176 3001 1271 3069 Filio

105 3107 138 3175 in
161 3107 333 3198 Spiritum
358 3106 536 3175 Sanctum.
555 3106 677 3174 Missio
701 3107 821 3196 itaque
845 3128 1011 3195 personae
1029 3108 1170 3176 divinae
1196 3133 1271 3199 spc-

63 3218 64 3222 ’
106 3223 216 3286 etatae
233 3217 422 3295 secundum
438 3213 676 3298 divinitatem,
695 3214 769 3282 sine
793 3214 898 3282 dubio
916 3217 1082 3305 supponit
1099 3218 1272 3288 unitatem

107 3325 276 3392 essentiae
298 3322 336 3389 in
354 3321 515 3390 mittente
539 3329 574 3390 ct
589 3323 706 3409 misso;
726 3322 785 3389 sed
802 3324 975 3391 unitatem
984 3326 1161 3425 ¹essentiae
1185 3343 1273 3417 qnae

108 3439 157 3500 est
179 3433 274 3500 inter
290 3428 501 3520 principium
517 3435 553 3497 et
568 3430 806 3518 procedentem
822 3451 843 3496 a
860 3431 1048 3519 principi03
1067 3439 1172 3523 atque
1188 3434 1273 3502 adeo

108 3540 224 3608 missio
248 3562 316 3607 non
350 3543 405 3606 est
423 3562 487 3628 per
523 3541 691 3637 unitatem
715 3539 879 3603 essentiae
912 3539 1071 3607 absolute
1094 3548 1130 3609 et
1153 3565 1214 3631 per
1238 3565 1273 3610 se

108 3655 309 3739 spectatam,
338 3647 397 3716 sed
418 3671 480 3735 per
505 3648 837 3713 communicationem
872 3650 1035 3715 essentiae
1057 3670 1078 3714 a
1110 3650 1273 3719 mittente
1299 3691 1301 3696 =

109 3756 143 3823 in
166 3757 323 3824 missum.
343 3753 449 3823 Secns
472 3754 614 3822 Patere
636 3753 730 3821 Filio
747 3761 781 3820 et
804 3774 825 3818 a
843 3751 982 3843 Spiritu
1000 3753 1126 3822 Sancto
1143 3757 1272 3826 missus

110 3864 176 3933 dici
200 3871 328 3954 posset,
349 3864 437 3955 quod
465 3891 481 3926 c
513 3863 802 3930 absurdissimum
824 3885 910 3946 esse,
932 3889 958 3965 'r
990 3887 1051 3961 per
1075 3888 1111 3932 se
1135 3848 1275 3935 constat

110 3969 331 4056 Christiania,
350 3977 390 4039 ut
414 3972 456 4038 ab
479 3969 680 4059 Augustino
704 3969 916 4038 audivimus.
934 3970 1034 4037 Unde
1050 3973 1193 4043 evidens
1216 3983 1271 4045 est

176 4147 220 4224 (1)
239 4152 294 4204 Les
313 4151 378 4217 plns
397 4149 511 4203 sameux
529 4151 664 4204 Doctenre
689 4149 724 4202 de
750 4149 908 4203 l'ancienne
938 4148 1036 4214 Eglise
1065 4163 1136 4203 nous
1168 4151 1272 4220 disent,

113 4257 161 4311 qne
181 4245 209 4296 le
227 4242 292 4294 Iiile
312 4242 412 4297 envcie
430 4241 458 4296 le
476 4241 682 4308 Sciat-Esprit‚
699 4245 728 4294 et
747 4242 818 4317 qu'il
838 4243 883 4292 est
915 4241 1057 4294 lui-meme
1086 4245 1195 4308 envoye
1223 4258 1275 4310 par

113 4334 173 4401 hui,
190 4336 373 4401 proprement
386 4349 442 4398 par
461 4335 520 4384 teor
544 4332 626 4384 unite
644 4331 784 4395 d’eaacnoe,
800 4344 902 4384 comme
922 4345 974 4397 pur
988 4332 1051 4384 leur
1069 4332 1275 4400 participation

115 4438 144 4485 ou
162 4426 225 4481 leur
244 4423 429 4491 cooperation
448 4439 503 4479 anx
522 4427 599 4479 actea
619 4423 679 4478 l‘un
698 4421 732 4476 de
752 4423 853 4476 l'antre
867 4441 880 4472 n
894 4436 961 4488 pag.
976 4421 1039 4479 334.
