3120 4988
693 286 732 300 ..
751 252 792 314 32
810 285 849 300 -

192 386 284 433 unus
307 371 362 432 est
375 361 476 430 Iesus
491 361 607 430 Filius
629 361 709 443 Dei,
726 383 831 428 semu
847 361 1011 434 dommus
1027 369 1184 458 pictatis
1198 379 1381 470 accipere,

192 493 261 540 non
285 471 375 562 quod
399 470 491 538 alter
512 477 548 538 et
570 469 663 536 alter
685 469 736 536 sit
757 474 815 555 (ut
829 469 973 540 aiebant
997 476 1167 551 Gnostici
1192 494 1232 554 et
1256 497 1384 576 postea

192 576 422 663 Nestoriaui);
442 577 501 643 sed
518 576 608 668 quod
631 575 674 642 da
696 597 764 642 nno
780 581 885 665 atquc
908 579 1027 648 eodem
1045 588 1152 674 quasi
1176 592 1222 659 de
1247 594 1379 683 altero,

194 685 383 755 secuudum
415 692 577 751 naturam
606 682 673 751 Dei
695 689 731 751 et
752 681 915 767 hominis,
940 683 1151 777 disputetur
1176 723 1195 759 s
1226 700 1380 792 Didym‚

194 795 237 863 de
261 793 388 882 Spirit.
406 792 443 858 S.
461 814 497 858 n.
513 790 570 859 43.

261 901 359 968 Duae
382 904 467 966 sunt
490 897 787 986 igitnr‘diversae
810 897 966 968 rationes
1001 903 1185 977 missionis
1207 913 1302 984 Filii
1327 941 1385 987 se-

195 1010 346 1081 cundum
370 1008 478 1075 aliam
501 1013 538 1075 et
559 1006 666 1073 aliam
689 1016 863 1090 naturam,
882 1032 1032 1101 quarum
1056 1018 1157 1104 prior
1181 1026 1382 1097 secuudum

195 1118 351 1186 divinam
375 1122 539 1183 naturam
562 1115 697 1204 concipi
721 1139 790 1182 non
814 1123 943 1204 potest,
961 1120 1032 1188 uisi
1049 1132 1213 1213 spectata
1237 1134 1384 1223 origine

195 1224 283 1294 Filii
306 1247 327 1291 a
349 1225 456 1292 Patre
479 1243 557 1314 oum
593 1224 836 1291 coarctatione
873 1234 1022 1295 naturae
1046 1236 1281 1307 assumendae
1314 1266 1382 1314 seu

195 1333 390 1423 generatim
414 1330 556 1398 termini
579 1329 625 1396 cd
647 1345 760 1410 entra,
789 1340 825 1398 et
847 1330 925 1398 ideo
949 1357 1012 1404 nec
1035 1345 1091 1405 est
1115 1363 1181 1410 nec
1205 1366 1380 1438 umquam

196 1443 331 1531 legitur
355 1442 420 1510 hoo
456 1440 554 1506 modo
577 1439 696 1507 Filius
728 1438 856 1506 missus
879 1441 994 1508 nisis
1025 1444 1100 1514 solo
1123 1448 1256 1540 Patre;
1288 1455 1380 1532 baec

195 1550 287 1621 enim
311 1548 431 1626 missio
453 1555 592 1615 nonest
615 1571 677 1636 per
698 1547 947 1617 auctoritatem
963 1551 1108 1622 maioris
1131 1557 1169 1623 in
1188 1560 1376 1652 minorem,

106 1697 108 1700 -
198 1656 258 1726 sed
282 1664 336 1725 est
359 1654 474 1724 divini
498 1654 639 1722 consilii
662 1655 706 1723 ad
728 1655 1005 1726 incarnationem
1027 1665 1065 1728 et
1095 1664 1378 1757 redemptionem

195 1765 383 1835 irradiatio
407 1763 563 1856 (ἔμφασις
587 1765 629 1841 ὡς
646 1763 679 1830 ἓν
703 1788 900 1855 κατοπτρῳ,
919 1774 960 1833 ιιι
975 1767 1137 1838 Basilius
1153 1771 1316 1864 loquitur
1332 1781 1378 1850 de

198 1872 293 1963 Spir.
314 1871 352 1942 S.
371 1897 406 1941 n.
424 1871 484 1958 20)
506 1892 528 1937 a
551 1872 655 1939 Patre
678 1872 716 1938 iu
738 1870 870 1940 Filium
886 1895 947 1961 per
969 1874 1082 1964 ipsam
1106 1885 1377 1966 generationem

196 1989 387 2050 aeternam.
413 1979 535 2047 Missio
568 1979 683 2047 altera
716 1981 817 2047 utin
852 1979 1050 2070 Scripturis
1084 1987 1299 2078 exhibetur,
1328 1997 1376 2066 ad

195 2089 376 2158 Christum
398 2087 584 2156 Dominum
600 2088 782 2177 supposita
796 2088 1039 2156 incarnatione
1051 2093 1222 2180 refertur,
1243 2107 1280 2170 et
1296 2125 1375 2191 per·

196 2197 318 2287 agitur
350 2219 412 2288 per
442 2196 690 2264 auctoritatem
713 2195 855 2265 divinae
889 2196 1086 2268 maiestatis
1108 2207 1145 2270 et
1170 2206 1376 2280 voluntatis

195 2307 233 2376 in
257 2312 471 2396 assumptam
496 2311 657 2372 naturam
682 2303 879 2390 humanam,
908 2307 1098 2377 seeundum
1121 2335 1228 2401 quam
1251 2317 1375 2389 Filius

66 2474 69 2480 .
127 2396 129 2400 Α
195 2436 278 2484 vere
300 2416 419 2482 factus
441 2419 495 2481 est
517 2411 690 2482 obediens.
707 2413 812 2501 Apud
834 2412 970 2506 aliquos
995 2438 1077 2483 vero
1100 2417 1228 2490 Patres
1252 2429 1374 2495 miscio

193 2523 282 2594 Filii
304 2529 485 2613 praeterea
507 2521 641 2591 dicitur
662 2523 798 2591 ratione
821 2529 970 2590 naturae
986 2521 1173 2613 humanae,
1194 2541 1374 2621 quatenus

195 2634 279 2702 haec
303 2655 373 2701 una
396 2630 568 2701 communi
591 2631 790 2720 operatione
815 2632 1004 2700 Trinitatis
1028 2635 1153 2704 unitur
1182 2640 1280 2711 Filio
1303 2645 1370 2732 ita,

195 2749 237 2811 ut
255 2741 410 2810 Verbum
427 2762 507 2809 vere
525 2740 573 2809 sit
589 2740 702 2809 homo.
720 2739 875 2831 Utroque
893 2739 957 2808 hoc
975 2743 1072 2811 modo
1085 2742 1254 2819 Christus
1271 2751 1373 2823 homo

195 2851 354 2919 mittitur
377 2871 448 2919 una
471 2849 594 2918 divina
618 2847 801 2917 voluntate
825 2857 862 2918 et
887 2872 955 2918 una
971 2852 1171 2941 operatione
1195 2858 1319 2928 Patria
1335 2870 1373 2932 et

195 2961 284 3032 Filii
308 2969 344 3030 et
367 2959 525 3050 Spiritus
549 2957 684 3042 Sancti,
702 2957 856 3049 adeoque
880 2961 1019 3049 proprie
1036 2962 1197 3032 mittitur
1220 2989 1242 3034 a
1265 2969 1373 3040 Patre

195 3077 232 3140 et
255 3068 393 3160 Spiritu
416 3067 557 3151 Sancto,
577 3065 733 3156 personis
756 3086 826 3132 ase
849 3065 1042 3151 distinctis,
1061 3073 1098 3136 et
1119 3068 1243 3161 aliquo
1267 3098 1373 3147 sensu

196 3178 356 3247 mittitur
380 3176 456 3265 ipse
480 3174 579 3242 homo
602 3195 623 3241 a
647 3196 682 3241 se
706 3173 782 3263 ipso
805 3175 895 3257 Deo,
924 3178 1088 3265 quoniam
1118 3182 1175 3265 (ut
1198 3180 1373 3273 diximus)

197 3288 282 3357 haec
306 3285 428 3354 missio
451 3307 519 3352 uon
544 3283 716 3352 fundatur
740 3283 776 3350 in
800 3283 928 3352 ordine·
943 3285 1093 3374 originis
1128 3311 1369 3379 personarum,

197 3397 257 3466 sed
281 3396 316 3464 in
342 3392 553 3463 diversitate
576 3400 737 3476 naturae,
768 3392 910 3461 divinae
934 3394 1167 3482 gubernantis
1191 3407 1227 3467 et
1251 3400 1373 3470 hume·

196 3527 261 3574 nae
285 3504 474 3574 subiectae.

263 3616 339 3684 Iam
373 3635 456 3683 vero
492 3610 649 3702 Spiritus
684 3607 805 3678 Sancti
840 3632 908 3676 non
933 3608 1006 3678 nisi
1039 3632 1111 3679 una
1142 3620 1197 3683 est
1226 3626 1369 3706 natura,

196 3746 315 3813 nempe
340 3722 473 3790 divina.
492 3720 566 3788 Hoc
590 3741 672 3808 ergo
697 3718 785 3807 ipso,
804 3716 933 3784 missus
958 3740 1019 3786 nee
1037 3718 1194 3810 intelligi
1219 3747 1282 3792 nec
1299 3727 1371 3796 dici

195 3831 405 3925 potebt'nisi
428 3828 540 3920 priori
563 3828 628 3895 illa
652 3826 812 3911 ratione,
842 3846 931 3915 quae
954 3834 1141 3894 revocatur
1165 3832 1208 3898 ad
1232 3856 1371 3921 proces-

196 3943 326 4011 sionem
350 3939 451 4008 missi
475 3962 496 4006 a
519 3937 694 4023 mittente;
714 3957 775 4002 neo
796 3933 892 4002 aliud
916 3933 999 4003 huic
1016 3937 1181 4020 relationi
1206 3949 1370 4013 aeternae

197 4050 316 4118 missio
340 4047 549 4138 superaddit
579 4068 681 4137 quam
706 4044 983 4113 connotationem
1016 4047 1159 4114 termini
1183 4047 1231 4114 ad
1254 4060 1368 4136 entra,

197 4157 403 4228 efficientiae
416 4179 535 4246 nempe
553 4154 836 4245 supernaturalis
854 4154 891 4222 in
916 4161 1068 4242 tempore
1084 4163 1120 4224 et
1136 4157 1173 4223 in
1192 4165 1366 4229 creatura.

196 4266 290 4336 Haec
314 4264 501 4334 efficientia
517 4264 602 4333 licet
625 4263 673 4332 sit
689 4263 879 4333 communia
892 4262 1008 4330 tribus
1025 4264 1193 4352 personis,
1211 4273 1367 4340 attamen

197 4372 311 4443 relata
334 4373 378 4442 ad
395 4372 534 4441 Patrem
551 4379 587 4440 et
601 4370 733 4444 Filium
751 4370 812 4463 qui
829 4370 978 4439 mittunt
993 4370 1166 4463 Spiritum
1182 4371 1363 4465 Sanctum,
