3120 4988
692 302 729 319 ..
748 269 789 334 98
809 265 847 319 έ-

192 375 261 445 alio
285 398 387 444 sensu
411 376 551 465 dicunt3
577 377 671 447 sicut
693 379 790 446 aliud
814 384 868 446 est
885 377 1021 466 dogma,
1040 399 1117 446 curn
1134 374 1302 446 catholici
1316 375 1360 447 in

191 486 346 575 symbolo
371 487 579 575 profitentur
604 511 708 555 unum
723 489 831 556 Deum
849 488 987 555 Patrem
1013 487 1200 555 creathrem
1221 487 1360 558 coeliet

192 601 325 678 terrae,
351 604 386 663 et
410 595 506 665 aliud
538 621 614 664 cum
637 596 765 664 Ariani
796 594 913 664 eadem
939 597 1045 662 verba
1076 596 1133 663 sed
1158 596 1227 663 alio
1252 619 1360 668 sensu

191 704 356 771 recitant.
383 704 454 770 Nos
478 704 643 772 catholici
667 688 838 773 credimus
853 705 992 771 Patrem
1016 726 1093 771 cum
1113 702 1206 771 Filio
1229 713 1265 770 et
1282 702 1361 792 Spi-

192 811 266 878 ritu
292 810 418 879 Sanoto
444 835 548 878 unum
572 814 681 880 Deum
708 821 895 880 creatorem
920 813 1093 893 omnium,
1119 811 1244 877 Ariani
1279 835 1363 902 sup-

191 926 324 1008 ponunt
349 920 485 986 Patrem
509 918 620 987 solum
645 919 784 988 excluso
807 920 901 988 Filio
925 928 960 986 et
985 919 1123 1007 Spiritu
1140 917 1269 988 Sancto
1284 941 1362 988 esse

193 1050 313 1096 verum
336 1028 465 1114 Deum,
491 1028 608 1095 eadem
636 1028 782 1119 ratione
795 1027 959 1096 catholici
985 1028 1186 1115 profitemur
1210 1048 1230 1092 a
1254 1027 1363 1096 Patre

193 1136 307 1226 prima
331 1157 489 1223 persona,
513 1145 553 1202 ut
576 1135 767 1224 spiratione
792 1160 900 1204 unum
924 1143 978 1203 est
1002 1158 1078 1202 cum
1095 1135 1188 1202 Filio
1213 1156 1363 1223 persona

194 1243 356 1325 secunda,
383 1243 565 1330 procedere
591 1242 764 1332 Spiritum
790 1245 968 1329 Sanctum,
984 1244 1148 1311 Photiani
1167 1244 1284 1311 verbis
1301 1243 1364 1310 iis·

194 1353 269 1421 dem
295 1355 431 1420 Patrem
456 1353 623 1420 dividunt
645 1377 666 1420 a
688 1355 793 1437 Filio,
819 1364 854 1423 et
878 1361 1009 1443 negant
1033 1376 1257 1442 personarum
1283 1351 1364 1420 nni·

194 1466 299 1528 tatem
324 1461 361 1526 in
385 1461 553 1542 omnibus,
570 1463 628 1530 ubi
645 1485 712 1531 non
737 1465 857 1533 obviat
880 1462 1049 1554 oppositio
1066 1461 1277 1530 relationum
1293 1458 1363 1528 ori·

194 1568 288 1657 ginis
314 1571 419 1635 unius
443 1571 485 1634 ab
509 1569 634 1640 altera.

202 1714 205 1718 -
261 1671 335 1738 Iam
360 1695 440 1740 vero
464 1673 639 1742 Macarius
663 1674 897 1763 coacervando
923 1697 982 1763 per
999 1672 1128 1741 multas
1145 1671 1295 1762 paginas
1311 1677 1365 1742 te-

196 1780 359 1848 stimonia
382 1804 423 1848 ex
448 1783 597 1849 secunda
620 1786 728 1867 serie,
755 1805 857 1874 quam
881 1783 1058 1866 diximus,
1083 1790 1118 1850 et
1141 1805 1182 1850 ex
1207 1781 1258 1849 eis
1283 1804 1366 1851 con-

196 1888 377 1970 cludendo,
405 1896 540 1967 veteres
566 1890 743 1958 unanimes
767 1890 924 1958 docuisse
945 1915 966 1955 o
982 1890 1051 1955 solo
1075 1891 1180 1957 Patre
1204 1888 1367 1977 (excluso

195 1995 303 2080 Filio)
329 1998 510 2084 procedere
534 1997 703 2087 Spiritum
729 1997 907 2080 Sanctum,
934 1997 1127 2066 doctrinam
1152 1995 1364 2064 Sanctorum

197 2115 345 2194 utroque
369 2104 466 2171 modo
491 2105 676 2194 pervertit,
696 2106 852 2193 negando
876 2105 1099 2174 videlicet'id
1121 2103 1211 2196 quod
1236 2104 1365 2172 unani-

197 2235 269 2280 mes
293 2213 416 2279 docent
431 2212 467 2279 in
491 2216 580 2281 serie
606 2214 714 2301 priori
739 2214 1026 2295 testimoniorum,
1044 2221 1080 2282 et
1095 2213 1309 2281 testimoniis
1325 2212 1363 2280 in

198 2321 286 2387 serie
310 2319 424 2386 altera
447 2322 689 2388 substituendo
713 2343 848 2390 sensum
866 2331 1117 2411 repugnantem
1140 2328 1215 2388 tum
1231 2321 1363 2392 doctri·

196 2450 261 2496 nae
286 2429 427 2497 Petrum
465 2430 648 2498 universae
679 2437 752 2498 tum
777 2431 863 2520 ipsis
887 2432 1003 2500 verbis
1037 2431 1235 2498 immediate
1257 2429 1296 2497 in
1326 2453 1365 2500 se

198 2538 376 2625 spectatis,
393 2538 552 2627 quoniam
579 2540 845 2626 propositionem
870 2539 1093 2629 affirmantem
1116 2538 1183 2605 fide
1206 2538 1363 2606 certissi-

198 2670 298 2729 mam,
324 2646 496 2736 Spiritum
521 2647 702 2736 procedere
719 2668 740 2713 a
756 2647 871 2730 Patre,
889 2652 1104 2714 transmutat
1118 2645 1155 2712 in
1170 2668 1269 2713 suam
1288 2669 1366 2736 pro·

197 2757 398 2846 positionem
423 2754 651 2822 excludentem
674 2756 855 2844 procedere
879 2754 1050 2842 Spiritum
1074 2776 1096 2818 a
1119 2755 1189 2820 noto
1209 2755 1316 2824 Patre
1333 2768 1368 2822 et·

197 2889 264 2932 non
287 2889 308 2930 a
332 2866 440 2934 Filio.
459 2865 548 2932 Hinc
566 2887 666 2952 porro
680 2865 732 2946 fit,
751 2869 792 2950 nt
814 2885 855 2930 ex
874 2863 938 2930 hac
955 2862 1125 2929 Photiana
1142 2864 1366 2950 perversione

198 2996 244 3042 se.
265 2975 430 3041 Doctores
453 2995 519 3039 non
543 2973 640 3039 modo
664 2971 728 3038 alii
752 2970 836 3039 aliis
867 2977 1120 3060 repugnantes,
1146 2970 1205 3038 sed
1231 2970 1364 3061 singuli

198 3082 336 3151 sibimet
360 3081 447 3170 ipsis
472 3080 749 3148 contradicentes
780 3079 975 3165 impudenti
1005 3077 1169 3148 irrisione
1198 3082 1299 3149 nobis
1323 3081 1365 3148 si·

199 3198 351 3271 stantun,
370 3186 450 3253 dum
474 3185 598 3271 dogma
621 3184 711 3275 quod
735 3184 770 3250 in
795 3182 877 3250 aliis
900 3184 987 3251 locis
1011 3183 1139 3252 diserte
1155 3186 1364 3274 profitentur

193 3315 239 3365 ac
262 3295 397 3379 docent,
423 3295 459 3362 in
483 3294 565 3362 aliis
588 3314 716 3382 negare
738 3298 774 3360 et
796 3291 980 3360 excludere
1004 3292 1182 3363 dicuntur.

442 3500 474 3576 ἓ.
487 3494 542 3569 II.
569 3493 620 3560 De
641 3494 847 3562 diaconiuna
870 3490 1115 3560 distributione

259 3600 405 3669 Petram
428 3603 465 3668 in
489 3615 638 3694 quatuor
660 3601 794 3681 classes,
820 3616 851 3668 et
875 3601 914 3667 de
936 3600 1114 3667 nonnullis
1138 3603 1312 3670 erroribus

583 3713 646 3804 qni
669 3712 779 3778 obiter
800 3724 978 3780 notantur.

267 3931 487 4021 Singillatim
521 3932 749 4021 inspiciamus
772 3954 840 3998 non
874 3930 942 3999 iam
973 3936 1082 3999 artem
1117 3950 1205 4021 quae
1228 3938 1409 4019 praeter·

199 4045 359 4108 textuum
375 4039 518 4130 aliquot
542 4041 793 4109 truncationem
805 4038 868 4105 ‚hic
884 4038 981 4104 nulla
1001 4045 1159 4126 apparet,
1179 4037 1238 4106 sed
1256 4039 1409 4107 incre*-

199 4148 340 4216 dibilem
364 4150 618 4231 confidentiam,
638 4171 705 4238 qua
728 4147 903 4218 Macarius
928 4156 1084 4213 veterum
1108 4145 1203 4212 dicta
1227 4148 1409 4237 conglo-

200 4265 311 4323 merat
327 4254 369 4321 ad
388 4278 483 4323 suam
499 4257 596 4324 illam
615 4258 830 4351 negotionem
848 4253 1075 4344 processionis
1091 4275 1112 4318 a
1127 4253 1221 4320 Filio
1238 4277 1284 4323 ss.
1302 4255 1409 4322 Pa-

198 4364 315 4446 tribus
338 4361 599 4444 obtrudendem.
624 4363 819 4438 Distribuit
840 4363 913 4452 ipse
937 4358 1136 4431 testimonia
1152 4358 1189 4427 in
1213 4368 1409 4452 quatuot
