<?xml version="1.0" encoding="UTF-8"?>
<!DOCTYPE html PUBLIC "-//W3C//DTD XHTML 1.0 Transitional//EN"
    "http://www.w3.org/TR/xhtml1/DTD/xhtml1-transitional.dtd">
<html xmlns="http://www.w3.org/1999/xhtml" xml:lang="en" lang="en">
 <head>
  <title>
</title>
<meta http-equiv="Content-Type" content="text/html;charset=utf-8" />
  <meta name='ocr-system' content='tesseract 3.04.00' />
  <meta name='ocr-capabilities' content='ocr_page ocr_carea ocr_par ocr_line ocrx_word'/>
</head>
<body>
  <div class='ocr_page' id='page_1' title='image "./ioannisbaptfran00frangoog_0015.png"; bbox 0 0 3120 4988; ppageno 0'>
   <div class='ocr_carea' id='block_1_1' title="bbox 196 267 1363 572">
    <p class='ocr_par' dir='ltr' id='par_1_1' title="bbox 196 267 1363 572">
     <span class='ocr_line' id='line_1_1' title="bbox 698 267 855 330; baseline -0.006 -17"><span class='ocrx_word' id='word_1_1' title='bbox 698 299 736 313; x_wconf 90' lang='lat'>-</span> <span class='ocrx_word' id='word_1_2' title='bbox 758 267 795 330; x_wconf 75' lang='lat'><strong>10</strong></span> <span class='ocrx_word' id='word_1_3' title='bbox 818 299 855 312; x_wconf 94' lang='grc'><strong>..</strong></span> 
     </span>
     <span class='ocr_line' id='line_1_2' title="bbox 197 370 1363 462; baseline -0.003 -21"><span class='ocrx_word' id='word_1_4' title='bbox 197 374 274 462; x_wconf 89' lang='lat' dir='ltr'><strong>ipsa</strong></span> <span class='ocrx_word' id='word_1_5' title='bbox 297 374 410 441; x_wconf 83' lang='lat' dir='ltr'><strong>forma</strong></span> <span class='ocrx_word' id='word_1_6' title='bbox 433 372 616 440; x_wconf 89' lang='lat' dir='ltr'><strong>verborum</strong></span> <span class='ocrx_word' id='word_1_7' title='bbox 639 371 841 461; x_wconf 81' lang='lat' dir='ltr'><strong>dupliciter.</strong></span> <span class='ocrx_word' id='word_1_8' title='bbox 866 370 983 439; x_wconf 92' lang='lat' dir='ltr'><strong>Primo</strong></span> <span class='ocrx_word' id='word_1_9' title='bbox 1006 372 1069 455; x_wconf 86' lang='lat' dir='ltr'><strong>ait,</strong></span> <span class='ocrx_word' id='word_1_10' title='bbox 1096 372 1127 439; x_wconf 92' lang='lat' dir='ltr'><strong>si</strong></span> <span class='ocrx_word' id='word_1_11' title='bbox 1150 371 1363 461; x_wconf 78' lang='lat' dir='ltr'>processioa</span> 
     </span>
     <span class='ocr_line' id='line_1_3' title="bbox 196 478 1363 572; baseline -0.002 -24"><span class='ocrx_word' id='word_1_12' title='bbox 196 481 300 549; x_wconf 89' lang='lat' dir='ltr'><strong>Patre</strong></span> <span class='ocrx_word' id='word_1_13' title='bbox 324 479 594 568; x_wconf 88' lang='lat' dir='ltr'><strong>intelligeretur</strong></span> <span class='ocrx_word' id='word_1_14' title='bbox 608 479 821 568; x_wconf 87' lang='lat' dir='ltr'><strong>temporalis,</strong></span> <span class='ocrx_word' id='word_1_15' title='bbox 841 478 934 546; x_wconf 90' lang='lat' dir='ltr'><strong>hunc</strong></span> <span class='ocrx_word' id='word_1_16' title='bbox 947 479 1021 546; x_wconf 85' lang='lat' dir='ltr'><strong>fore</strong></span> <span class='ocrx_word' id='word_1_17' title='bbox 1045 502 1201 547; x_wconf 88' lang='lat' dir='ltr'><strong>sensum:</strong></span> <span class='ocrx_word' id='word_1_18' title='bbox 1230 503 1363 572; x_wconf 82' lang='lat' dir='ltr'><strong>uquem</strong></span> 
     </span>
    </p>
   </div>
   <div class='ocr_carea' id='block_1_2' title="bbox 133 587 1365 4460">
    <p class='ocr_par' dir='ltr' id='par_1_2' title="bbox 192 587 1364 997">
     <span class='ocr_line' id='line_1_4' title="bbox 196 587 1363 680; baseline 0 -24"><span class='ocrx_word' id='word_1_19' title='bbox 196 611 260 677; x_wconf 89' lang='lat' dir='ltr'><strong>ego</strong></span> <span class='ocrx_word' id='word_1_20' title='bbox 284 588 419 655; x_wconf 89' lang='lat' dir='ltr'><strong>mittam</strong></span> <span class='ocrx_word' id='word_1_21' title='bbox 445 612 466 656; x_wconf 89' lang='lat' dir='ltr'><strong>a</strong></span> <span class='ocrx_word' id='word_1_22' title='bbox 489 589 592 656; x_wconf 90' lang='lat' dir='ltr'><strong>Patre</strong></span> <span class='ocrx_word' id='word_1_23' title='bbox 617 587 788 677; x_wconf 85' lang='lat' dir='ltr'><strong>Spiritum</strong></span> <span class='ocrx_word' id='word_1_24' title='bbox 813 587 989 671; x_wconf 88' lang='lat' dir='ltr'><strong>veritatis,</strong></span> <span class='ocrx_word' id='word_1_25' title='bbox 1009 588 1069 680; x_wconf 88' lang='lat' dir='ltr'><strong>qui</strong></span> <span class='ocrx_word' id='word_1_26' title='bbox 1085 609 1105 654; x_wconf 87' lang='lat' dir='ltr'><strong>a</strong></span> <span class='ocrx_word' id='word_1_27' title='bbox 1124 588 1226 676; x_wconf 86' lang='lat' dir='ltr'><strong>Patre</strong></span> <span class='ocrx_word' id='word_1_28' title='bbox 1251 589 1363 656; x_wconf 88' lang='lat' dir='ltr'><strong>mitti-</strong></span> 
     </span>
     <span class='ocr_line' id='line_1_5' title="bbox 195 672 1362 786; baseline -0.003 -23"><span class='ocrx_word' id='word_1_29' title='bbox 195 704 307 782; x_wconf 76' lang='lat' dir='ltr'><strong>tur5n</strong></span> <span class='ocrx_word' id='word_1_30' title='bbox 334 689 421 786; x_wconf 72' lang='lat' dir='ltr'><strong>quae</strong></span> <span class='ocrx_word' id='word_1_31' title='bbox 453 672 597 784; x_wconf 86' lang='lat' dir='ltr'><strong>(inquit)</strong></span> <span class='ocrx_word' id='word_1_32' title='bbox 621 697 864 783; x_wconf 87' lang='lat' dir='ltr'><strong>praeseferunt</strong></span> <span class='ocrx_word' id='word_1_33' title='bbox 894 694 1079 762; x_wconf 81' lang='lat' dir='ltr'><strong>absurdam</strong></span> <span class='ocrx_word' id='word_1_34' title='bbox 1113 695 1362 783; x_wconf 82' lang='lat' dir='ltr'><strong>tautologiam.</strong></span> 
     </span>
     <span class='ocr_line' id='line_1_6' title="bbox 195 803 1364 892; baseline -0.001 -22"><span class='ocrx_word' id='word_1_35' title='bbox 195 803 356 872; x_wconf 89' lang='lat' dir='ltr'><strong>Alterum</strong></span> <span class='ocrx_word' id='word_1_36' title='bbox 373 811 616 892; x_wconf 81' lang='lat' dir='ltr'><strong>argumentum</strong></span> <span class='ocrx_word' id='word_1_37' title='bbox 641 803 783 872; x_wconf 80' lang='lat' dir='ltr'><strong>ducitur</strong></span> <span class='ocrx_word' id='word_1_38' title='bbox 798 826 840 871; x_wconf 88' lang='lat' dir='ltr'><strong>ex</strong></span> <span class='ocrx_word' id='word_1_39' title='bbox 857 804 962 870; x_wconf 91' lang='lat' dir='ltr'><strong>verbo</strong></span> <span class='ocrx_word' id='word_1_40' title='bbox 982 803 1148 892; x_wconf 91' lang='lat' dir='ltr'><strong>temporis</strong></span> <span class='ocrx_word' id='word_1_41' title='bbox 1166 804 1364 892; x_wconf 89' lang='lat' dir='ltr'><strong>praesentis</strong></span> 
     </span>
     <span class='ocr_line' id='line_1_7' title="bbox 192 908 1155 997; baseline 0.005 -22"><span class='ocrx_word' id='word_1_42' title='bbox 192 910 360 997; x_wconf 76' lang='lat' dir='ltr'><strong><em>procedit,</em></strong></span> <span class='ocrx_word' id='word_1_43' title='bbox 385 933 462 978; x_wconf 91' lang='lat' dir='ltr'><strong>eum</strong></span> <span class='ocrx_word' id='word_1_44' title='bbox 485 919 600 977; x_wconf 89' lang='lat' dir='ltr'><strong>tamen</strong></span> <span class='ocrx_word' id='word_1_45' title='bbox 624 909 744 977; x_wconf 88' lang='lat' dir='ltr'><strong>missio</strong></span> <span class='ocrx_word' id='word_1_46' title='bbox 767 917 859 977; x_wconf 89' lang='lat' dir='ltr'><strong>esset</strong></span> <span class='ocrx_word' id='word_1_47' title='bbox 881 908 995 977; x_wconf 89' lang='lat' dir='ltr'><strong>adhue</strong></span> <span class='ocrx_word' id='word_1_48' title='bbox 1020 911 1155 980; x_wconf 89' lang='lat' dir='ltr'><strong>futura.</strong></span> 
     </span>
    </p>

    <p class='ocr_par' dir='ltr' id='par_1_3' title="bbox 188 1016 1365 3373">
     <span class='ocr_line' id='line_1_8' title="bbox 211 1016 1364 1107; baseline -0.004 -19"><span class='ocrx_word' id='word_1_49' title='bbox 211 1067 213 1072; x_wconf 89' lang='lat'>-</span> <span class='ocrx_word' id='word_1_50' title='bbox 262 1019 391 1088; x_wconf 89' lang='lat' dir='ltr'><strong>Verum</strong></span> <span class='ocrx_word' id='word_1_51' title='bbox 415 1019 597 1106; x_wconf 88' lang='lat' dir='ltr'><strong>supposita</strong></span> <span class='ocrx_word' id='word_1_52' title='bbox 620 1017 922 1084; x_wconf 88' lang='lat' dir='ltr'><strong>schismaticorum</strong></span> <span class='ocrx_word' id='word_1_53' title='bbox 939 1016 1158 1106; x_wconf 82' lang='lat' dir='ltr'><strong>separatione</strong></span> <span class='ocrx_word' id='word_1_54' title='bbox 1174 1017 1364 1107; x_wconf 86' lang='lat' dir='ltr'><strong>processio·</strong></span> 
     </span>
     <span class='ocr_line' id='line_1_9' title="bbox 188 1126 1363 1215; baseline -0.007 -17"><span class='ocrx_word' id='word_1_55' title='bbox 188 1128 252 1200; x_wconf 85' lang='lat' dir='ltr'><strong>¹nis</strong></span> <span class='ocrx_word' id='word_1_56' title='bbox 274 1127 311 1194; x_wconf 89' lang='lat' dir='ltr'><strong>in</strong></span> <span class='ocrx_word' id='word_1_57' title='bbox 333 1134 486 1215; x_wconf 91' lang='lat' dir='ltr'><strong>tempore</strong></span> <span class='ocrx_word' id='word_1_58' title='bbox 502 1148 522 1191; x_wconf 92' lang='lat' dir='ltr'><strong>a</strong></span> <span class='ocrx_word' id='word_1_59' title='bbox 538 1126 753 1215; x_wconf 87' lang='lat' dir='ltr'><strong>processione</strong></span> <span class='ocrx_word' id='word_1_60' title='bbox 769 1132 921 1209; x_wconf 90' lang='lat' dir='ltr'><strong>aeterna,</strong></span> <span class='ocrx_word' id='word_1_61' title='bbox 938 1131 1363 1214; x_wconf 80' lang='lat' dir='ltr'><strong>neutrumargumentum</strong></span> 
     </span>
     <span class='ocr_line' id='line_1_10' title="bbox 198 1231 1363 1326; baseline -0.003 -24"><span class='ocrx_word' id='word_1_62' title='bbox 198 1235 386 1326; x_wconf 89' lang='lat' dir='ltr'><strong>quidquam</strong></span> <span class='ocrx_word' id='word_1_63' title='bbox 411 1231 517 1301; x_wconf 90' lang='lat' dir='ltr'><strong>valet.</strong></span> <span class='ocrx_word' id='word_1_64' title='bbox 545 1232 741 1301; x_wconf 89' lang='lat' dir='ltr'><strong>Secundum</strong></span> <span class='ocrx_word' id='word_1_65' title='bbox 756 1233 929 1322; x_wconf 89' lang='lat' dir='ltr'><strong>principia</strong></span> <span class='ocrx_word' id='word_1_66' title='bbox 946 1234 1122 1301; x_wconf 89' lang='lat' dir='ltr'><strong>catholiea</strong></span> <span class='ocrx_word' id='word_1_67' title='bbox 1145 1241 1181 1302; x_wconf 85' lang='lat' dir='ltr'><strong>et</strong></span> <span class='ocrx_word' id='word_1_68' title='bbox 1204 1235 1363 1301; x_wconf 91' lang='lat' dir='ltr'><strong>insensu</strong></span> 
     </span>
     <span class='ocr_line' id='line_1_11' title="bbox 197 1340 1364 1432; baseline -0.003 -20"><span class='ocrx_word' id='word_1_69' title='bbox 197 1343 348 1432; x_wconf 86' lang='lat' dir='ltr'><strong>genuino</strong></span> <span class='ocrx_word' id='word_1_70' title='bbox 371 1343 555 1410; x_wconf 89' lang='lat' dir='ltr'><strong>verborum</strong></span> <span class='ocrx_word' id='word_1_71' title='bbox 579 1363 600 1408; x_wconf 91' lang='lat' dir='ltr'><strong>a</strong></span> <span class='ocrx_word' id='word_1_72' title='bbox 623 1342 691 1409; x_wconf 90' lang='grc' dir='ltr'><strong>ΡΡ.</strong></span> <span class='ocrx_word' id='word_1_73' title='bbox 710 1340 887 1414; x_wconf 87' lang='lat' dir='ltr'><strong>declarato</strong></span> <span class='ocrx_word' id='word_1_74' title='bbox 903 1340 1051 1429; x_wconf 88' lang='lat' dir='ltr'><strong>primum</strong></span> <span class='ocrx_word' id='word_1_75' title='bbox 1067 1341 1215 1409; x_wconf 87' lang='lat' dir='ltr'><strong>incisum</strong></span> <span class='ocrx_word' id='word_1_76' title='bbox 1233 1341 1268 1408; x_wconf 92' lang='lat' dir='ltr'><strong>in</strong></span> <span class='ocrx_word' id='word_1_77' title='bbox 1287 1364 1364 1409; x_wconf 89' lang='lat' dir='ltr'><strong>ver-</strong></span> 
     </span>
     <span class='ocr_line' id='line_1_12' title="bbox 196 1449 1361 1539; baseline -0.006 -21"><span class='ocrx_word' id='word_1_78' title='bbox 196 1451 250 1518; x_wconf 85' lang='lat' dir='ltr'><strong>bis</strong></span> <span class='ocrx_word' id='word_1_79' title='bbox 273 1450 406 1518; x_wconf 87' lang='lat' dir='ltr'><strong>Christi</strong></span> <span class='ocrx_word' id='word_1_80' title='bbox 441 1450 603 1535; x_wconf 82' lang='lat' dir='ltr'><strong>Domini,</strong></span> <span class='ocrx_word' id='word_1_81' title='bbox 632 1458 767 1539; x_wconf 73' lang='lat' dir='ltr'><strong>«quem</strong></span> <span class='ocrx_word' id='word_1_82' title='bbox 791 1471 854 1536; x_wconf 85' lang='lat' dir='ltr'><strong>ego</strong></span> <span class='ocrx_word' id='word_1_83' title='bbox 886 1449 1021 1516; x_wconf 90' lang='lat' dir='ltr'><strong>mittam</strong></span> <span class='ocrx_word' id='word_1_84' title='bbox 1045 1450 1143 1518; x_wconf 91' lang='lat' dir='ltr'><strong>vobis</strong></span> <span class='ocrx_word' id='word_1_85' title='bbox 1166 1471 1187 1515; x_wconf 91' lang='lat' dir='ltr'><strong>a</strong></span> <span class='ocrx_word' id='word_1_86' title='bbox 1210 1451 1361 1533; x_wconf 64' lang='lat' dir='ltr'><strong>Patren</strong></span> 
     </span>
     <span class='ocr_line' id='line_1_13' title="bbox 197 1557 1365 1647; baseline 0 -21"><span class='ocrx_word' id='word_1_87' title='bbox 197 1560 361 1626; x_wconf 88' lang='lat' dir='ltr'><strong>enuntiat</strong></span> <span class='ocrx_word' id='word_1_88' title='bbox 383 1557 548 1646; x_wconf 90' lang='lat' dir='ltr'><strong>explicite</strong></span> <span class='ocrx_word' id='word_1_89' title='bbox 571 1557 767 1625; x_wconf 83' lang='lat' dir='ltr'><strong>missionem</strong></span> <span class='ocrx_word' id='word_1_90' title='bbox 791 1578 812 1623; x_wconf 89' lang='lat' dir='ltr'><strong>a</strong></span> <span class='ocrx_word' id='word_1_91' title='bbox 833 1557 938 1642; x_wconf 83' lang='lat' dir='ltr'><strong>Filio,</strong></span> <span class='ocrx_word' id='word_1_92' title='bbox 957 1557 1127 1647; x_wconf 85' lang='lat' dir='ltr'><strong>implicite</strong></span> <span class='ocrx_word' id='word_1_93' title='bbox 1149 1565 1266 1627; x_wconf 87' lang='lat' dir='ltr'><strong>autem</strong></span> <span class='ocrx_word' id='word_1_94' title='bbox 1285 1559 1365 1626; x_wconf 87' lang='lat' dir='ltr'><strong>mis-</strong></span> 
     </span>
     <span class='ocr_line' id='line_1_14' title="bbox 197 1666 1363 1756; baseline 0.002 -24"><span class='ocrx_word' id='word_1_95' title='bbox 197 1666 325 1734; x_wconf 90' lang='lat' dir='ltr'><strong>sionem</strong></span> <span class='ocrx_word' id='word_1_96' title='bbox 342 1687 362 1733; x_wconf 90' lang='lat' dir='ltr'><strong>a</strong></span> <span class='ocrx_word' id='word_1_97' title='bbox 378 1667 482 1733; x_wconf 90' lang='lat' dir='ltr'><strong>Patre</strong></span> <span class='ocrx_word' id='word_1_98' title='bbox 499 1666 670 1756; x_wconf 87' lang='lat' dir='ltr'><strong>simulque</strong></span> <span class='ocrx_word' id='word_1_99' title='bbox 693 1666 945 1754; x_wconf 78' lang='lat' dir='ltr'><strong>processionem</strong></span> <span class='ocrx_word' id='word_1_100' title='bbox 964 1667 1205 1735; x_wconf 90' lang='lat' dir='ltr'><strong>immanentem</strong></span> <span class='ocrx_word' id='word_1_101' title='bbox 1221 1689 1242 1732; x_wconf 90' lang='lat' dir='ltr'><strong>a</strong></span> <span class='ocrx_word' id='word_1_102' title='bbox 1259 1669 1363 1734; x_wconf 90' lang='lat' dir='ltr'><strong>Patre</strong></span> 
     </span>
     <span class='ocr_line' id='line_1_15' title="bbox 196 1772 1364 1863; baseline -0.001 -24"><span class='ocrx_word' id='word_1_103' title='bbox 196 1778 232 1839; x_wconf 87' lang='lat' dir='ltr'><strong>et</strong></span> <span class='ocrx_word' id='word_1_104' title='bbox 254 1772 360 1859; x_wconf 70' lang='lat' dir='ltr'><strong>Filio,</strong></span> <span class='ocrx_word' id='word_1_105' title='bbox 386 1773 534 1839; x_wconf 85' lang='lat' dir='ltr'><strong>inuisum</strong></span> <span class='ocrx_word' id='word_1_106' title='bbox 557 1772 721 1856; x_wconf 88' lang='lat' dir='ltr'><strong>alterum,</strong></span> <span class='ocrx_word' id='word_1_107' title='bbox 743 1800 760 1836; x_wconf 76' lang='lat' dir='ltr'><em>a</em></span> <span class='ocrx_word' id='word_1_108' title='bbox 779 1773 839 1863; x_wconf 91' lang='lat' dir='ltr'><strong>qui</strong></span> <span class='ocrx_word' id='word_1_109' title='bbox 862 1794 883 1838; x_wconf 92' lang='lat' dir='ltr'><strong>a</strong></span> <span class='ocrx_word' id='word_1_110' title='bbox 906 1772 1010 1840; x_wconf 91' lang='lat' dir='ltr'><strong>Patre</strong></span> <span class='ocrx_word' id='word_1_111' title='bbox 1034 1775 1200 1861; x_wconf 83' lang='lat' dir='ltr'><strong>procedit,</strong></span> <span class='ocrx_word' id='word_1_112' title='bbox 1218 1800 1233 1835; x_wconf 79' lang='lat' dir='ltr'><em>n</em></span> <span class='ocrx_word' id='word_1_113' title='bbox 1254 1773 1364 1862; x_wconf 90' lang='lat' dir='ltr'><strong>expli-</strong></span> 
     </span>
     <span class='ocr_line' id='line_1_16' title="bbox 196 1879 1362 1971; baseline 0.002 -25"><span class='ocrx_word' id='word_1_114' title='bbox 196 1880 264 1948; x_wconf 89' lang='lat' dir='ltr'><strong>cite</strong></span> <span class='ocrx_word' id='word_1_115' title='bbox 288 1879 387 1949; x_wconf 87' lang='lat' dir='ltr'><strong>doeet</strong></span> <span class='ocrx_word' id='word_1_116' title='bbox 410 1879 658 1968; x_wconf 86' lang='lat' dir='ltr'><strong>processionem</strong></span> <span class='ocrx_word' id='word_1_117' title='bbox 682 1881 823 1947; x_wconf 89' lang='lat' dir='ltr'><strong>eandem</strong></span> <span class='ocrx_word' id='word_1_118' title='bbox 847 1881 1089 1948; x_wconf 89' lang='lat' dir='ltr'><strong>immanentem</strong></span> <span class='ocrx_word' id='word_1_119' title='bbox 1105 1904 1125 1949; x_wconf 93' lang='lat' dir='ltr'><strong>a</strong></span> <span class='ocrx_word' id='word_1_120' title='bbox 1139 1883 1256 1965; x_wconf 87' lang='lat' dir='ltr'><strong>Patre,</strong></span> <span class='ocrx_word' id='word_1_121' title='bbox 1276 1905 1362 1971; x_wconf 89' lang='lat' dir='ltr'><strong>quae</strong></span> 
     </span>
     <span class='ocr_line' id='line_1_17' title="bbox 196 1986 1363 2076; baseline 0.001 -23"><span class='ocrx_word' id='word_1_122' title='bbox 196 1987 265 2054; x_wconf 93' lang='lat' dir='ltr'><strong>iam</strong></span> <span class='ocrx_word' id='word_1_123' title='bbox 283 1986 636 2076; x_wconf 88' lang='lat' dir='ltr'><strong>comprehendebatur</strong></span> <span class='ocrx_word' id='word_1_124' title='bbox 659 1988 696 2054; x_wconf 94' lang='lat' dir='ltr'><strong>in</strong></span> <span class='ocrx_word' id='word_1_125' title='bbox 711 1986 821 2056; x_wconf 89' lang='lat' dir='ltr'><strong>inciso</strong></span> <span class='ocrx_word' id='word_1_126' title='bbox 838 1986 966 2076; x_wconf 88' lang='lat' dir='ltr'><strong>priori;</strong></span> <span class='ocrx_word' id='word_1_127' title='bbox 987 2010 1049 2056; x_wconf 90' lang='lat' dir='ltr'><strong>neo</strong></span> <span class='ocrx_word' id='word_1_128' title='bbox 1067 2009 1148 2055; x_wconf 91' lang='lat' dir='ltr'><strong>sane</strong></span> <span class='ocrx_word' id='word_1_129' title='bbox 1165 1988 1363 2076; x_wconf 88' lang='lat' dir='ltr'><strong>tautologia</strong></span> 
     </span>
     <span class='ocr_line' id='line_1_18' title="bbox 196 2092 1361 2186; baseline 0.002 -26"><span class='ocrx_word' id='word_1_130' title='bbox 196 2092 272 2160; x_wconf 92' lang='lat' dir='ltr'><strong>ulla</strong></span> <span class='ocrx_word' id='word_1_131' title='bbox 294 2093 330 2160; x_wconf 90' lang='lat' dir='ltr'><strong>in</strong></span> <span class='ocrx_word' id='word_1_132' title='bbox 356 2115 395 2161; x_wconf 91' lang='lat' dir='ltr'><strong>eo</strong></span> <span class='ocrx_word' id='word_1_133' title='bbox 419 2094 606 2182; x_wconf 87' lang='lat' dir='ltr'><strong>reperitur,</strong></span> <span class='ocrx_word' id='word_1_134' title='bbox 634 2094 723 2186; x_wconf 90' lang='lat' dir='ltr'><strong>quod</strong></span> <span class='ocrx_word' id='word_1_135' title='bbox 746 2095 858 2184; x_wconf 89' lang='lat' dir='ltr'><strong>primo</strong></span> <span class='ocrx_word' id='word_1_136' title='bbox 882 2095 1053 2184; x_wconf 88' lang='lat' dir='ltr'><strong>implicite</strong></span> <span class='ocrx_word' id='word_1_137' title='bbox 1077 2095 1209 2163; x_wconf 89' lang='lat' dir='ltr'><strong>dictum</strong></span> <span class='ocrx_word' id='word_1_138' title='bbox 1239 2096 1361 2163; x_wconf 86' lang='lat' dir='ltr'><strong>deinde</strong></span> 
     </span>
     <span class='ocr_line' id='line_1_19' title="bbox 194 2201 1362 2292; baseline -0.001 -23"><span class='ocrx_word' id='word_1_139' title='bbox 194 2204 400 2269; x_wconf 88' lang='lat' dir='ltr'><strong>enuntiatur</strong></span> <span class='ocrx_word' id='word_1_140' title='bbox 418 2201 596 2290; x_wconf 91' lang='lat' dir='ltr'><strong>explicite.</strong></span> <span class='ocrx_word' id='word_1_141' title='bbox 622 2202 661 2270; x_wconf 87' lang='lat' dir='ltr'><strong>Si</strong></span> <span class='ocrx_word' id='word_1_142' title='bbox 686 2225 767 2271; x_wconf 89' lang='lat' dir='ltr'><strong>vero</strong></span> <span class='ocrx_word' id='word_1_143' title='bbox 791 2226 833 2270; x_wconf 84' lang='lat' dir='ltr'><strong>ex</strong></span> <span class='ocrx_word' id='word_1_144' title='bbox 857 2202 1045 2292; x_wconf 88' lang='lat' dir='ltr'><strong>hypothesi</strong></span> <span class='ocrx_word' id='word_1_145' title='bbox 1062 2203 1362 2281; x_wconf 87' lang='lat' dir='ltr'><strong>schismaticorum</strong></span> 
     </span>
     <span class='ocr_line' id='line_1_20' title="bbox 195 2308 1363 2398; baseline 0.002 -22"><span class='ocrx_word' id='word_1_146' title='bbox 195 2310 233 2376; x_wconf 93' lang='lat' dir='ltr'><strong>in</strong></span> <span class='ocrx_word' id='word_1_147' title='bbox 257 2309 366 2398; x_wconf 90' lang='lat' dir='ltr'><strong>primo</strong></span> <span class='ocrx_word' id='word_1_148' title='bbox 389 2309 499 2376; x_wconf 90' lang='lat' dir='ltr'><strong>inciso</strong></span> <span class='ocrx_word' id='word_1_149' title='bbox 515 2308 680 2398; x_wconf 86' lang='lat' dir='ltr'><strong>explicite</strong></span> <span class='ocrx_word' id='word_1_150' title='bbox 704 2310 779 2378; x_wconf 90' lang='lat' dir='ltr'><strong>sola</strong></span> <span class='ocrx_word' id='word_1_151' title='bbox 802 2311 921 2378; x_wconf 88' lang='lat' dir='ltr'><strong>missio</strong></span> <span class='ocrx_word' id='word_1_152' title='bbox 938 2333 958 2376; x_wconf 91' lang='lat' dir='ltr'><strong>a</strong></span> <span class='ocrx_word' id='word_1_153' title='bbox 973 2310 1066 2377; x_wconf 87' lang='lat' dir='ltr'><strong>Filio</strong></span> <span class='ocrx_word' id='word_1_154' title='bbox 1088 2310 1225 2378; x_wconf 91' lang='lat' dir='ltr'><strong>minime</strong></span> <span class='ocrx_word' id='word_1_155' title='bbox 1250 2310 1363 2378; x_wconf 91' lang='lat' dir='ltr'><strong>inelu-</strong></span> 
     </span>
     <span class='ocr_line' id='line_1_21' title="bbox 196 2417 1362 2507; baseline 0.001 -23"><span class='ocrx_word' id='word_1_156' title='bbox 196 2417 279 2484; x_wconf 89' lang='lat' dir='ltr'><strong>dens</strong></span> <span class='ocrx_word' id='word_1_157' title='bbox 303 2417 553 2506; x_wconf 89' lang='lat' dir='ltr'><strong>processionem</strong></span> <span class='ocrx_word' id='word_1_158' title='bbox 568 2418 820 2502; x_wconf 89' lang='lat' dir='ltr'><strong>immanentem,</strong></span> <span class='ocrx_word' id='word_1_159' title='bbox 839 2422 876 2485; x_wconf 91' lang='lat' dir='ltr'><strong>et</strong></span> <span class='ocrx_word' id='word_1_160' title='bbox 891 2419 1040 2486; x_wconf 85' lang='lat' dir='ltr'><strong>fortasse</strong></span> <span class='ocrx_word' id='word_1_161' title='bbox 1056 2417 1227 2507; x_wconf 86' lang='lat' dir='ltr'><strong>implicite</strong></span> <span class='ocrx_word' id='word_1_162' title='bbox 1244 2418 1362 2485; x_wconf 88' lang='lat' dir='ltr'><strong>missio</strong></span> 
     </span>
     <span class='ocr_line' id='line_1_22' title="bbox 195 2524 1361 2615; baseline 0.003 -26"><span class='ocrx_word' id='word_1_163' title='bbox 195 2545 216 2588; x_wconf 92' lang='lat' dir='ltr'><strong>a</strong></span> <span class='ocrx_word' id='word_1_164' title='bbox 240 2524 343 2591; x_wconf 86' lang='lat' dir='ltr'><strong>Patre</strong></span> <span class='ocrx_word' id='word_1_165' title='bbox 374 2524 629 2612; x_wconf 85' lang='lat' dir='ltr'><strong>contineretur;</strong></span> <span class='ocrx_word' id='word_1_166' title='bbox 655 2527 808 2615; x_wconf 89' lang='lat' dir='ltr'><strong>profecto</strong></span> <span class='ocrx_word' id='word_1_167' title='bbox 843 2525 1097 2614; x_wconf 86' lang='lat' dir='ltr'><strong>tautologioum</strong></span> <span class='ocrx_word' id='word_1_168' title='bbox 1131 2525 1240 2612; x_wconf 92' lang='lat' dir='ltr'><strong>nullo</strong></span> <span class='ocrx_word' id='word_1_169' title='bbox 1263 2526 1361 2592; x_wconf 92' lang='lat' dir='ltr'><strong>modo</strong></span> 
     </span>
     <span class='ocr_line' id='line_1_23' title="bbox 196 2633 1362 2723; baseline 0.003 -25"><span class='ocrx_word' id='word_1_170' title='bbox 196 2633 328 2700; x_wconf 90' lang='lat' dir='ltr'><strong>censeri</strong></span> <span class='ocrx_word' id='word_1_171' title='bbox 351 2639 481 2722; x_wconf 88' lang='lat' dir='ltr'><strong>posset,</strong></span> <span class='ocrx_word' id='word_1_172' title='bbox 508 2634 598 2723; x_wconf 91' lang='lat' dir='ltr'><strong>quod</strong></span> <span class='ocrx_word' id='word_1_173' title='bbox 621 2635 658 2701; x_wconf 93' lang='lat' dir='ltr'><strong>in</strong></span> <span class='ocrx_word' id='word_1_174' title='bbox 682 2634 794 2702; x_wconf 91' lang='lat' dir='ltr'><strong>altero</strong></span> <span class='ocrx_word' id='word_1_175' title='bbox 817 2634 929 2702; x_wconf 87' lang='lat' dir='ltr'><strong>inciso</strong></span> <span class='ocrx_word' id='word_1_176' title='bbox 952 2635 1072 2702; x_wconf 89' lang='lat' dir='ltr'><strong>missio</strong></span> <span class='ocrx_word' id='word_1_177' title='bbox 1095 2634 1199 2702; x_wconf 91' lang='lat' dir='ltr'><strong>etiam</strong></span> <span class='ocrx_word' id='word_1_178' title='bbox 1219 2635 1362 2702; x_wconf 89' lang='lat' dir='ltr'><strong>aPatre</strong></span> 
     </span>
     <span class='ocr_line' id='line_1_24' title="bbox 195 2741 1362 2832; baseline 0.001 -25"><span class='ocrx_word' id='word_1_179' title='bbox 195 2742 440 2810; x_wconf 87' lang='lat' dir='ltr'><strong>enuntiaretur</strong></span> <span class='ocrx_word' id='word_1_180' title='bbox 463 2742 641 2832; x_wconf 85' lang='lat' dir='ltr'><strong>explicite,</strong></span> <span class='ocrx_word' id='word_1_181' title='bbox 660 2749 696 2811; x_wconf 88' lang='lat' dir='ltr'><strong>et</strong></span> <span class='ocrx_word' id='word_1_182' title='bbox 711 2742 875 2811; x_wconf 86' lang='lat' dir='ltr'><strong>Christus</strong></span> <span class='ocrx_word' id='word_1_183' title='bbox 899 2743 999 2810; x_wconf 91' lang='lat' dir='ltr'><strong>daret</strong></span> <span class='ocrx_word' id='word_1_184' title='bbox 1014 2741 1195 2825; x_wconf 88' lang='lat' dir='ltr'><strong>rationem,</strong></span> <span class='ocrx_word' id='word_1_185' title='bbox 1215 2764 1279 2826; x_wconf 90' lang='lat' dir='ltr'><strong>cur</strong></span> <span class='ocrx_word' id='word_1_186' title='bbox 1295 2765 1362 2808; x_wconf 91' lang='lat' dir='ltr'><strong>non</strong></span> 
     </span>
     <span class='ocr_line' id='line_1_25' title="bbox 195 2848 1359 2938; baseline 0.002 -23"><span class='ocrx_word' id='word_1_187' title='bbox 195 2848 403 2938; x_wconf 85' lang='lat' dir='ltr'><strong>simpliciter</strong></span> <span class='ocrx_word' id='word_1_188' title='bbox 416 2873 452 2918; x_wconf 92' lang='lat' dir='ltr'><strong>se</strong></span> <span class='ocrx_word' id='word_1_189' title='bbox 468 2851 667 2936; x_wconf 88' lang='lat' dir='ltr'><strong>missurum,</strong></span> <span class='ocrx_word' id='word_1_190' title='bbox 687 2851 746 2918; x_wconf 90' lang='lat' dir='ltr'><strong>sed</strong></span> <span class='ocrx_word' id='word_1_191' title='bbox 759 2875 781 2917; x_wconf 85' lang='lat' dir='ltr'><strong>a</strong></span> <span class='ocrx_word' id='word_1_192' title='bbox 794 2851 902 2918; x_wconf 82' lang='lat' dir='ltr'><strong>Patre</strong></span> <span class='ocrx_word' id='word_1_193' title='bbox 918 2850 1106 2918; x_wconf 88' lang='lat' dir='ltr'><strong>missurum</strong></span> <span class='ocrx_word' id='word_1_194' title='bbox 1123 2873 1197 2917; x_wconf 90' lang='lat' dir='ltr'><strong>esse</strong></span> <span class='ocrx_word' id='word_1_195' title='bbox 1215 2849 1359 2917; x_wconf 87' lang='lat' dir='ltr'><strong>dixerit.</strong></span> 
     </span>
     <span class='ocr_line' id='line_1_26' title="bbox 195 2955 1362 3049; baseline 0 -25"><span class='ocrx_word' id='word_1_196' title='bbox 195 2955 310 3024; x_wconf 89' lang='lat' dir='ltr'><strong>Verba</strong></span> <span class='ocrx_word' id='word_1_197' title='bbox 333 2957 470 3048; x_wconf 87' lang='lat' dir='ltr'><strong>itaque:</strong></span> <span class='ocrx_word' id='word_1_198' title='bbox 496 2981 627 3049; x_wconf 71' lang='lat' dir='ltr'><strong>ecquem</strong></span> <span class='ocrx_word' id='word_1_199' title='bbox 651 2980 715 3047; x_wconf 93' lang='lat' dir='ltr'><strong>ego</strong></span> <span class='ocrx_word' id='word_1_200' title='bbox 739 2959 877 3026; x_wconf 90' lang='lat' dir='ltr'><strong>mittam</strong></span> <span class='ocrx_word' id='word_1_201' title='bbox 902 2958 1000 3026; x_wconf 90' lang='lat' dir='ltr'><strong>vobis</strong></span> <span class='ocrx_word' id='word_1_202' title='bbox 1016 2980 1037 3024; x_wconf 93' lang='lat' dir='ltr'><strong>a</strong></span> <span class='ocrx_word' id='word_1_203' title='bbox 1052 2957 1171 3042; x_wconf 88' lang='lat' dir='ltr'><strong>Patre,</strong></span> <span class='ocrx_word' id='word_1_204' title='bbox 1190 2957 1362 3047; x_wconf 86' lang='lat' dir='ltr'><strong>Spiritum</strong></span> 
     </span>
     <span class='ocr_line' id='line_1_27' title="bbox 195 3064 1365 3157; baseline 0 -26"><span class='ocrx_word' id='word_1_205' title='bbox 195 3065 370 3149; x_wconf 86' lang='lat' dir='ltr'><strong>veritatis,</strong></span> <span class='ocrx_word' id='word_1_206' title='bbox 390 3065 451 3157; x_wconf 93' lang='lat' dir='ltr'><strong>qui</strong></span> <span class='ocrx_word' id='word_1_207' title='bbox 475 3089 495 3132; x_wconf 88' lang='lat' dir='ltr'><strong>a</strong></span> <span class='ocrx_word' id='word_1_208' title='bbox 519 3066 623 3134; x_wconf 84' lang='lat' dir='ltr'><strong>Patre</strong></span> <span class='ocrx_word' id='word_1_209' title='bbox 646 3065 813 3156; x_wconf 89' lang='lat' dir='ltr'><strong>procedit,</strong></span> <span class='ocrx_word' id='word_1_210' title='bbox 831 3093 848 3127; x_wconf 80' lang='lat' dir='ltr'><em>n</em></span> <span class='ocrx_word' id='word_1_211' title='bbox 874 3065 912 3133; x_wconf 94' lang='lat' dir='ltr'><strong>in</strong></span> <span class='ocrx_word' id='word_1_212' title='bbox 936 3064 1028 3134; x_wconf 90' lang='lat' dir='ltr'><strong>hunc</strong></span> <span class='ocrx_word' id='word_1_213' title='bbox 1052 3088 1190 3134; x_wconf 89' lang='lat' dir='ltr'><strong>sensum</strong></span> <span class='ocrx_word' id='word_1_214' title='bbox 1214 3065 1365 3132; x_wconf 88' lang='lat' dir='ltr'><strong>resolve·</strong></span> 
     </span>
     <span class='ocr_line' id='line_1_28' title="bbox 195 3173 1363 3265; baseline 0.001 -27"><span class='ocrx_word' id='word_1_215' title='bbox 195 3178 336 3240; x_wconf 92' lang='lat' dir='ltr'><strong>rentur:</strong></span> <span class='ocrx_word' id='word_1_216' title='bbox 364 3201 380 3236; x_wconf 75' lang='lat' dir='ltr'><strong>a</strong></span> <span class='ocrx_word' id='word_1_217' title='bbox 396 3195 496 3265; x_wconf 90' lang='lat' dir='ltr'><strong>quem</strong></span> <span class='ocrx_word' id='word_1_218' title='bbox 519 3195 584 3262; x_wconf 84' lang='lat' dir='ltr'><strong>ego</strong></span> <span class='ocrx_word' id='word_1_219' title='bbox 608 3175 746 3242; x_wconf 88' lang='lat' dir='ltr'><strong>mittem</strong></span> <span class='ocrx_word' id='word_1_220' title='bbox 770 3174 869 3243; x_wconf 86' lang='lat' dir='ltr'><strong>vobis</strong></span> <span class='ocrx_word' id='word_1_221' title='bbox 886 3196 907 3240; x_wconf 96' lang='lat' dir='ltr'><strong>a</strong></span> <span class='ocrx_word' id='word_1_222' title='bbox 923 3173 1046 3261; x_wconf 82' lang='lat' dir='ltr'><strong>Patre;</strong></span> <span class='ocrx_word' id='word_1_223' title='bbox 1072 3197 1151 3241; x_wconf 92' lang='lat' dir='ltr'><strong>nam</strong></span> <span class='ocrx_word' id='word_1_224' title='bbox 1167 3196 1235 3241; x_wconf 91' lang='lat' dir='ltr'><strong>non</strong></span> <span class='ocrx_word' id='word_1_225' title='bbox 1252 3174 1363 3241; x_wconf 90' lang='lat' dir='ltr'><strong>solum</strong></span> 
     </span>
     <span class='ocr_line' id='line_1_29' title="bbox 195 3267 1360 3373; baseline -0.004 -27"><span class='ocrx_word' id='word_1_226' title='bbox 195 3301 216 3346; x_wconf 88' lang='lat' dir='ltr'><strong>a</strong></span> <span class='ocrx_word' id='word_1_227' title='bbox 232 3304 296 3365; x_wconf 86' lang='lat' dir='ltr'><strong>me,</strong></span> <span class='ocrx_word' id='word_1_228' title='bbox 315 3281 374 3349; x_wconf 90' lang='lat' dir='ltr'><strong>sed</strong></span> <span class='ocrx_word' id='word_1_229' title='bbox 398 3303 504 3373; x_wconf 87' lang='lat' dir='ltr'><strong>aeque</strong></span> <span class='ocrx_word' id='word_1_230' title='bbox 520 3283 626 3350; x_wconf 90' lang='lat' dir='ltr'><strong>etiam</strong></span> <span class='ocrx_word' id='word_1_231' title='bbox 642 3305 664 3350; x_wconf 93' lang='lat' dir='ltr'><strong>a</strong></span> <span class='ocrx_word' id='word_1_232' title='bbox 678 3282 783 3351; x_wconf 86' lang='lat' dir='ltr'><strong>Patre</strong></span> <span class='ocrx_word' id='word_1_233' title='bbox 799 3282 836 3349; x_wconf 91' lang='lat' dir='ltr'><strong>in</strong></span> <span class='ocrx_word' id='word_1_234' title='bbox 861 3304 923 3351; x_wconf 83' lang='lat' dir='ltr'><strong>vos</strong></span> <span class='ocrx_word' id='word_1_235' title='bbox 939 3267 1096 3372; x_wconf 89' lang='lat' dir='ltr'><strong>procedit</strong></span> <span class='ocrx_word' id='word_1_236' title='bbox 1112 3304 1152 3350; x_wconf 92' lang='lat' dir='ltr'><strong>ac</strong></span> <span class='ocrx_word' id='word_1_237' title='bbox 1168 3281 1360 3348; x_wconf 75' lang='lat' dir='ltr'><strong>mittiturn</strong></span> 
     </span>
    </p>

    <p class='ocr_par' dir='ltr' id='par_1_4' title="bbox 133 3389 1362 4460">
     <span class='ocr_line' id='line_1_30' title="bbox 261 3389 1362 3479; baseline 0 -25"><span class='ocrx_word' id='word_1_238' title='bbox 261 3390 518 3477; x_wconf 87' lang='lat' dir='ltr'><strong>Argumentum</strong></span> <span class='ocrx_word' id='word_1_239' title='bbox 554 3413 655 3479; x_wconf 89' lang='lat' dir='ltr'><strong>porro</strong></span> <span class='ocrx_word' id='word_1_240' title='bbox 688 3391 955 3479; x_wconf 87' lang='lat' dir='ltr'><strong>grammaticum</strong></span> <span class='ocrx_word' id='word_1_241' title='bbox 991 3411 1032 3457; x_wconf 88' lang='lat' dir='ltr'><strong>ex</strong></span> <span class='ocrx_word' id='word_1_242' title='bbox 1057 3390 1162 3458; x_wconf 83' lang='lat' dir='ltr'><strong>verbo</strong></span> <span class='ocrx_word' id='word_1_243' title='bbox 1197 3389 1362 3478; x_wconf 91' lang='lat' dir='ltr'><strong>temporis</strong></span> 
     </span>
     <span class='ocr_line' id='line_1_31' title="bbox 195 3494 1361 3587; baseline -0.003 -23"><span class='ocrx_word' id='word_1_244' title='bbox 195 3497 389 3586; x_wconf 88' lang='lat' dir='ltr'><strong>praesentis</strong></span> <span class='ocrx_word' id='word_1_245' title='bbox 413 3520 473 3587; x_wconf 90' lang='lat' dir='ltr'><strong>per</strong></span> <span class='ocrx_word' id='word_1_246' title='bbox 497 3520 533 3566; x_wconf 91' lang='lat' dir='ltr'><strong>se</strong></span> <span class='ocrx_word' id='word_1_247' title='bbox 555 3498 661 3567; x_wconf 90' lang='lat' dir='ltr'><strong>nimis</strong></span> <span class='ocrx_word' id='word_1_248' title='bbox 683 3497 790 3567; x_wconf 88' lang='lat' dir='ltr'><strong>labile</strong></span> <span class='ocrx_word' id='word_1_249' title='bbox 813 3505 881 3569; x_wconf 90' lang='lat' dir='ltr'><strong>est.</strong></span> <span class='ocrx_word' id='word_1_250' title='bbox 904 3497 954 3565; x_wconf 87' lang='lat' dir='ltr'><strong>Ut</strong></span> <span class='ocrx_word' id='word_1_251' title='bbox 977 3497 1068 3565; x_wconf 90' lang='lat' dir='ltr'><strong>enim</strong></span> <span class='ocrx_word' id='word_1_252' title='bbox 1092 3496 1134 3567; x_wconf 88' lang='lat' dir='ltr'><strong>de</strong></span> <span class='ocrx_word' id='word_1_253' title='bbox 1156 3495 1238 3563; x_wconf 91' lang='lat' dir='ltr'><strong>aliis</strong></span> <span class='ocrx_word' id='word_1_254' title='bbox 1269 3494 1361 3563; x_wconf 91' lang='lat' dir='ltr'><strong>nihil</strong></span> 
     </span>
     <span class='ocr_line' id='line_1_32' title="bbox 196 3603 1361 3698; baseline -0.004 -27"><span class='ocrx_word' id='word_1_255' title='bbox 196 3605 322 3690; x_wconf 85' lang='lat' dir='ltr'><strong>dicam,</strong></span> <span class='ocrx_word' id='word_1_256' title='bbox 340 3605 560 3698; x_wconf 85' lang='lat' dir='ltr'><strong>notissimum</strong></span> <span class='ocrx_word' id='word_1_257' title='bbox 579 3612 645 3693; x_wconf 89' lang='lat' dir='ltr'><strong>est,</strong></span> <span class='ocrx_word' id='word_1_258' title='bbox 664 3629 740 3673; x_wconf 90' lang='lat' dir='ltr'><strong>mox</strong></span> <span class='ocrx_word' id='word_1_259' title='bbox 765 3607 888 3675; x_wconf 85' lang='lat' dir='ltr'><strong>futura</strong></span> <span class='ocrx_word' id='word_1_260' title='bbox 904 3605 1052 3694; x_wconf 87' lang='lat' dir='ltr'><strong>exprimi</strong></span> <span class='ocrx_word' id='word_1_261' title='bbox 1069 3603 1180 3673; x_wconf 91' lang='lat' dir='ltr'><strong>solere</strong></span> <span class='ocrx_word' id='word_1_262' title='bbox 1197 3603 1234 3670; x_wconf 92' lang='lat' dir='ltr'><strong>in</strong></span> <span class='ocrx_word' id='word_1_263' title='bbox 1251 3603 1361 3668; x_wconf 86' lang='lat' dir='ltr'><strong>forma</strong></span> 
     </span>
     <span class='ocr_line' id='line_1_33' title="bbox 195 3709 1357 3802; baseline -0.002 -26"><span class='ocrx_word' id='word_1_264' title='bbox 195 3712 360 3801; x_wconf 90' lang='lat' dir='ltr'><strong>temporis</strong></span> <span class='ocrx_word' id='word_1_265' title='bbox 383 3712 601 3801; x_wconf 89' lang='lat' dir='ltr'><strong>praesentis:</strong></span> <span class='ocrx_word' id='word_1_266' title='bbox 627 3735 715 3802; x_wconf 92' lang='lat' dir='ltr'><strong>pono</strong></span> <span class='ocrx_word' id='word_1_267' title='bbox 731 3713 881 3781; x_wconf 90' lang='lat' dir='ltr'><strong>animam</strong></span> <span class='ocrx_word' id='word_1_268' title='bbox 904 3733 1025 3797; x_wconf 83' lang='lat' dir='ltr'><strong>meam;</strong></span> <span class='ocrx_word' id='word_1_269' title='bbox 1044 3710 1133 3779; x_wconf 84' lang='lat' dir='ltr'><strong>vado</strong></span> <span class='ocrx_word' id='word_1_270' title='bbox 1147 3709 1192 3776; x_wconf 90' lang='lat' dir='ltr'><strong>ad</strong></span> <span class='ocrx_word' id='word_1_271' title='bbox 1208 3709 1357 3794; x_wconf 83' lang='lat' dir='ltr'><strong>Patrem3</strong></span> 
     </span>
     <span class='ocr_line' id='line_1_34' title="bbox 137 3817 1357 3905; baseline 0.001 -21"><span class='ocrx_word' id='word_1_272' title='bbox 137 3854 140 3865; x_wconf 91' lang='lat'><em>·</em></span> <span class='ocrx_word' id='word_1_273' title='bbox 195 3817 308 3887; x_wconf 88' lang='lat' dir='ltr'><strong>adhuc</strong></span> <span class='ocrx_word' id='word_1_274' title='bbox 332 3818 513 3905; x_wconf 89' lang='lat' dir='ltr'><strong>modicum,</strong></span> <span class='ocrx_word' id='word_1_275' title='bbox 539 3825 576 3888; x_wconf 94' lang='lat' dir='ltr'><strong>et</strong></span> <span class='ocrx_word' id='word_1_276' title='bbox 599 3820 748 3889; x_wconf 91' lang='lat' dir='ltr'><strong>mundus</strong></span> <span class='ocrx_word' id='word_1_277' title='bbox 772 3844 823 3890; x_wconf 93' lang='lat' dir='ltr'><strong>me</strong></span> <span class='ocrx_word' id='word_1_278' title='bbox 846 3821 916 3888; x_wconf 91' lang='lat' dir='ltr'><strong>iem</strong></span> <span class='ocrx_word' id='word_1_279' title='bbox 939 3843 1006 3887; x_wconf 94' lang='lat' dir='ltr'><strong>non</strong></span> <span class='ocrx_word' id='word_1_280' title='bbox 1030 3819 1147 3905; x_wconf 70' lang='lat' dir='ltr'><strong>videt,</strong></span> <span class='ocrx_word' id='word_1_281' title='bbox 1174 3818 1205 3885; x_wconf 91' lang='lat' dir='ltr'><strong>si</strong></span> <span class='ocrx_word' id='word_1_282' title='bbox 1229 3818 1357 3904; x_wconf 88' lang='lat' dir='ltr'><strong>abiero,</strong></span> 
     </span>
     <span class='ocr_line' id='line_1_35' title="bbox 193 3926 1360 4019; baseline 0 -25"><span class='ocrx_word' id='word_1_283' title='bbox 193 3926 323 3994; x_wconf 90' lang='lat' dir='ltr'><strong>iterum</strong></span> <span class='ocrx_word' id='word_1_284' title='bbox 346 3927 466 4015; x_wconf 88' lang='lat' dir='ltr'><strong>venio;</strong></span> <span class='ocrx_word' id='word_1_285' title='bbox 493 3928 583 4019; x_wconf 90' lang='lat' dir='ltr'><strong>quod</strong></span> <span class='ocrx_word' id='word_1_286' title='bbox 615 3929 725 4015; x_wconf 87' lang='lat' dir='ltr'><strong>facis,</strong></span> <span class='ocrx_word' id='word_1_287' title='bbox 753 3929 809 3997; x_wconf 84' lang='lat' dir='ltr'><strong>fac</strong></span> <span class='ocrx_word' id='word_1_288' title='bbox 831 3930 921 4015; x_wconf 90' lang='lat' dir='ltr'><strong>eito,</strong></span> <span class='ocrx_word' id='word_1_289' title='bbox 947 3932 984 3996; x_wconf 93' lang='lat' dir='ltr'><strong>et</strong></span> <span class='ocrx_word' id='word_1_290' title='bbox 1007 3926 1078 3994; x_wconf 90' lang='lat' dir='ltr'><strong>alia</strong></span> <span class='ocrx_word' id='word_1_291' title='bbox 1102 3926 1225 3994; x_wconf 93' lang='lat' dir='ltr'><strong>multa.</strong></span> <span class='ocrx_word' id='word_1_292' title='bbox 1247 3926 1360 3994; x_wconf 78' lang='lat' dir='ltr'><strong>Porro</strong></span> 
     </span>
     <span class='ocr_line' id='line_1_36' title="bbox 133 4034 1358 4127; baseline 0.005 -26"><span class='ocrx_word' id='word_1_293' title='bbox 133 4107 137 4121; x_wconf 35' lang='grc' dir='ltr'>Ι</span> <span class='ocrx_word' id='word_1_294' title='bbox 192 4036 306 4125; x_wconf 90' lang='lat' dir='ltr'><strong>ipsum</strong></span> <span class='ocrx_word' id='word_1_295' title='bbox 339 4034 494 4125; x_wconf 86' lang='lat' dir='ltr'><strong>Spiritus</strong></span> <span class='ocrx_word' id='word_1_296' title='bbox 529 4037 651 4106; x_wconf 86' lang='lat' dir='ltr'><strong>Sancti</strong></span> <span class='ocrx_word' id='word_1_297' title='bbox 685 4038 873 4108; x_wconf 87' lang='lat' dir='ltr'><strong>adventum</strong></span> <span class='ocrx_word' id='word_1_298' title='bbox 896 4039 1014 4108; x_wconf 80' lang='lat' dir='ltr'><strong>Filius</strong></span> <span class='ocrx_word' id='word_1_299' title='bbox 1041 4037 1219 4127; x_wconf 87' lang='lat' dir='ltr'><strong>promittit</strong></span> <span class='ocrx_word' id='word_1_300' title='bbox 1254 4041 1358 4108; x_wconf 91' lang='lat' dir='ltr'><strong>verbo</strong></span> 
     </span>
     <span class='ocr_line' id='line_1_37' title="bbox 191 4144 1358 4237; baseline -0.001 -23"><span class='ocrx_word' id='word_1_301' title='bbox 191 4145 286 4214; x_wconf 88' lang='lat' dir='ltr'><strong>siout</strong></span> <span class='ocrx_word' id='word_1_302' title='bbox 309 4144 448 4230; x_wconf 86' lang='lat' dir='ltr'><strong>futuri,</strong></span> <span class='ocrx_word' id='word_1_303' title='bbox 474 4145 526 4213; x_wconf 87' lang='lat' dir='ltr'><strong>ita</strong></span> <span class='ocrx_word' id='word_1_304' title='bbox 548 4146 654 4215; x_wconf 91' lang='lat' dir='ltr'><strong>etiam</strong></span> <span class='ocrx_word' id='word_1_305' title='bbox 678 4149 876 4236; x_wconf 87' lang='lat' dir='ltr'><strong>praesentis</strong></span> <span class='ocrx_word' id='word_1_306' title='bbox 906 4147 1093 4237; x_wconf 87' lang='lat' dir='ltr'><strong>temporis:</strong></span> <span class='ocrx_word' id='word_1_307' title='bbox 1123 4169 1219 4216; x_wconf 78' lang='lat' dir='ltr'><strong>avos</strong></span> <span class='ocrx_word' id='word_1_308' title='bbox 1243 4155 1358 4216; x_wconf 89' lang='lat' dir='ltr'><strong>autem</strong></span> 
     </span>
     <span class='ocr_line' id='line_1_38' title="bbox 191 4247 1356 4350; baseline -0.007 -23"><span class='ocrx_word' id='word_1_309' title='bbox 191 4262 298 4327; x_wconf 81' lang='lat' dir='ltr'><strong>testes</strong></span> <span class='ocrx_word' id='word_1_310' title='bbox 322 4257 408 4326; x_wconf 83' lang='lat' dir='ltr'><strong>estis</strong></span> <span class='ocrx_word' id='word_1_311' title='bbox 437 4257 581 4346; x_wconf 77' lang='lat' dir='ltr'><strong>horum3</strong></span> <span class='ocrx_word' id='word_1_312' title='bbox 606 4265 642 4327; x_wconf 90' lang='lat' dir='ltr'><strong>et</strong></span> <span class='ocrx_word' id='word_1_313' title='bbox 671 4281 731 4348; x_wconf 68' lang='lat' dir='ltr'><strong>eqo</strong></span> <span class='ocrx_word' id='word_1_314' title='bbox 761 4261 860 4324; x_wconf 82' lang='lat' dir='ltr'><strong>mitto</strong></span> <span class='ocrx_word' id='word_1_315' title='bbox 884 4263 962 4345; x_wconf 78' lang='grc' dir='ltr'>(και</span> <span class='ocrx_word' id='word_1_316' title='bbox 986 4247 1058 4321; x_wconf 75' lang='lat' dir='ltr'><strong>’thou</strong></span> <span class='ocrx_word' id='word_1_317' title='bbox 1084 4258 1149 4350; x_wconf 76' lang='grc' dir='ltr'><strong>ἐγω</strong></span> <span class='ocrx_word' id='word_1_318' title='bbox 1186 4258 1356 4325; x_wconf 54' lang='grc' dir='ltr'><strong>,οἰποστελα</strong></span> 
     </span>
     <span class='ocr_line' id='line_1_39' title="bbox 191 4365 1354 4460; baseline 0.001 -28"><span class='ocrx_word' id='word_1_319' title='bbox 191 4373 238 4433; x_wconf 74' lang='lat' dir='ltr'><strong>lo</strong></span> <span class='ocrx_word' id='word_1_320' title='bbox 262 4367 311 4436; x_wconf 90' lang='lat' dir='ltr'><strong>al.</strong></span> <span class='ocrx_word' id='word_1_321' title='bbox 335 4369 429 4460; x_wconf 75' lang='grc' dir='ltr'><strong>κάγω</strong></span> <span class='ocrx_word' id='word_1_322' title='bbox 456 4368 676 4452; x_wconf 81' lang='grc' dir='ltr'>ἀποστελλω)</span> <span class='ocrx_word' id='word_1_323' title='bbox 706 4367 912 4456; x_wconf 89' lang='lat' dir='ltr'><strong>promissum</strong></span> <span class='ocrx_word' id='word_1_324' title='bbox 939 4365 1057 4433; x_wconf 89' lang='lat' dir='ltr'><strong>Patris</strong></span> <span class='ocrx_word' id='word_1_325' title='bbox 1087 4366 1154 4434; x_wconf 88' lang='lat' dir='ltr'><strong>mei</strong></span> <span class='ocrx_word' id='word_1_326' title='bbox 1189 4365 1225 4433; x_wconf 91' lang='lat' dir='ltr'><strong>iu</strong></span> <span class='ocrx_word' id='word_1_327' title='bbox 1261 4389 1354 4445; x_wconf 79' lang='lat' dir='ltr'><strong>vosn</strong></span> 
     </span>
    </p>
   </div>
   <div class='ocr_carea' id='block_1_3' title="bbox 0 0 1564 4988">
    <p class='ocr_par' dir='ltr' id='par_1_5' title="bbox 0 0 1564 4988">
     <span class='ocr_line' id='line_1_40' title="bbox 0 0 1564 4988; baseline 0 2"><span class='ocrx_word' id='word_1_328' title='bbox 0 0 1564 4988; x_wconf 95' lang='lat' dir='ltr'><strong> </strong></span> 
     </span>
    </p>
   </div>
  </div>
 </body>
</html>
