3120 4988
710 85 888 146 -271-

194 189 491 279 particularibus
515 197 590 260 tum
606 191 831 280 generalibus
848 172 1158 284 (Aquisgranensi,
1173 192 1391 264 Foroiulien-

193 298 251 381 si,
269 297 537 384 Wormatiensi,
552 301 713 380 Berensi,
733 301 965 368 Lateranensi
981 301 1061 384 IV,
1080 302 1312 390 Lugdunensi
1324 305 1389 390 IL,

187 404 443 491 Florentino),
464 407 678 475 universalis
703 408 892 496 explicitus
918 431 1107 476 consensus
1125 409 1239 499 quoad
1254 435 1394 499 proces-

189 513 343 581 sionem
368 515 523 603 Spiritus
548 515 670 583 Sancti
695 517 836 583 aPatre
853 516 1016 607 Filioque
1040 523 1083 584 ut
1107 518 1189 585 fidei
1215 520 1392 588 revelatae

190 621 415 706 articulum,
442 623 530 692 inde.
551 646 571 690 a
595 611 734 691 saeculo
767 625 830 691 IX.
859 633 935 712 post
968 632 1076 692 ortam
1115 625 1185 692 iam
1220 627 1394 696 haeresim

188 731 428 798 contrariam
444 733 647 800 conferatur
672 756 749 800 cum
773 733 1035 821 praedicatione
1061 734 1240 804 Ecclesiae
1256 743 1395 806 anteca-

189 839 380 906 dentibus
405 839 576 924 saeculis,
605 864 784 931 quousque
809 848 1031 909 monumenta
1054 843 1292 912 ecclesiastica
1316 869 1392 935 per·

192 949 385 1053 xtingunt,
420 948 528 1016 etiam
553 953 594 1016 ut
617 969 637 1014 a
661 948 842 1036 Langenio
877 948 1114 1032 exhibentur,
1147 953 1326 1040 perfectus
1356 955 1394 1020 in

198 1063 367 1146 utroque
404 1056 518 1123 stadio
541 1055 720 1143 reperitur
756 1061 943 1122 concentus
968 1077 1006 1121 eo
1031 1057 1143 1123 solum
1174 1058 1389 1148 discrimine,

195 1164 308 1254 quod
333 1164 558 1254 consequitur
583 1186 623 1232 ex
642 1163 716 1252 ipso
734 1163 874 1230 diverso
899 1169 996 1230 statu
1015 1164 1186 1252 simplicis
1203 1165 1296 1250 fidei,
1313 1190 1391 1235 cum

194 1272 332 1339 adhuc
359 1271 624 1338 «calumniator
648 1270 770 1337 nullus
795 1270 997 1354 instaret,r
1024 1275 1061 1338 et
1083 1274 1299 1341 necessariae
1323 1275 1392 1342 iam

206 1378 433 1448 defensionis
458 1401 534 1446 cnm
554 1377 737 1466 «praecisi
757 1378 927 1445 haeretici
946 1378 1185 1446 exercitarent
1200 1379 1394 1449 Ecclesiam

195 1486 328 1557 :Dein
355 1485 395 1552 In
421 1485 486 1553 hoc
511 1507 630 1573 nempe
654 1485 766 1552 altero
790 1486 906 1553 stadio
929 1486 1091 1554 Ecclesia
1114 1487 1250 1555 Christi
1275 1498 1395 1557 vetera

202 1594 372 1662 :fideliter
403 1593 648 1684 sapienterque
679 1594 889 1678 tractando,
917 1595 1082 1663 inchoata
1118 1596 1298 1684 poliendo,
1325 1598 1393 1665 iarn

197 1725 381 1792 expressa
404 1701 585 1785 firmando,
611 1702 681 1767 iam
708 1701 911 1768 confirmata
935 1701 1162 1770 custodiendo
1186 1704 1323 1789 effecit,
1351 1711 1392 1773 ut

203 1811 315 1895 fides,
343 1809 577 1900 praedicatio,
604 1808 794 1897 explicatio
818 1816 925 1877 antea
952 1809 1165 1898 simplicior,
1184 1809 1328 1897 lentior,
1348 1834 1397 1879 se·

222 1919 340 1987 curior
363 1941 456 1985 nunc
480 1918 521 1984 ob
546 1917 789 1985 necessitatem
821 1917 1034 1985 defensionis
1058 1917 1223 1985 evaderet
1246 1918 1398 2008 diligen-

218 2027 301 2110 tior,
328 2026 533 2110 instantior,
562 2025 763 2093 sollicitior.

255 2207 257 2211 ,
283 2133 322 2200 Si
347 2132 651 2222 splendidissimus
674 2130 734 2200 hic
770 2154 944 2199 connexus
981 2130 1124 2199 ultimae
1147 2132 1396 2221 explicationis

220 2268 296 2312 cum
320 2244 530 2331 homogenea
554 2242 812 2331 praedicatione
837 2241 988 2308 omnium
1013 2247 1169 2309 aetatum
1187 2242 1394 2310 anteceden-

216 2351 308 2418 tium
333 2371 444 2441 usque
468 2349 511 2416 ad
538 2357 691 2436 tempora
707 2348 902 2436 apostolica
918 2351 955 2414 et
971 2371 1049 2415 cum
1073 2348 1235 2416 doctrina
1252 2350 1288 2416 in
1308 2349 1395 2438 ipsis

221 2457 416 2548 Scripturis
439 2456 658 2550 evangelicis
683 2463 718 2524 et
741 2455 943 2545 apostolicis
960 2456 1179 2544 consignata,
1199 2464 1240 2524 ut
1256 2480 1296 2525 ea
1309 2480 1396 2525 sern-

222 2589 280 2655 per
304 2564 485 2632 intellecta
516 2571 589 2645 est,
616 2561 870 2658 Neophotianis
894 2561 1039 2629 videtur
1071 2587 1138 2630 non
1172 2563 1329 2632 sufficere
1352 2563 1397 2630 ad

221 2675 443 2744 traditionem
457 2671 685 2761 apostolicam
701 2671 738 2737 in
751 2671 912 2738 Ecclesia
924 2671 1058 2740 Christi
1074 2671 1392 2757 demonstrandam,

222 2785 375 2873 profecto
400 2804 467 2847 non
492 2780 590 2846 modo
616 2801 740 2845 munus
756 2777 937 2845 Ecclesiae
958 2778 1001 2844 ad
1028 2777 1255 2845 infallibilem
1281 2783 1396 2845 custo-

223 2887 312 2956 diam
336 2894 372 2956 et
388 2886 656 2975 explicationem
673 2885 823 2972 depositi
840 2892 1021 2974 totumque
1038 2882 1251 2972 principium
1268 2882 1396 2950 Tradi-

222 2995 327 3062 tionis
352 2995 494 3062 divinae
519 3004 693 3080 negatur;
722 2991 910 3059 sedetiam
946 2991 1023 3078 ipsa
1046 2989 1133 3057 fides
1167 2989 1337 3057 historica
1361 2989 1397 3056 in

226 3101 410 3170 discrimen
436 3095 594 3168 vocatur.
620 3100 738 3189 Atque
754 3099 806 3165 ita
823 3120 889 3164 non
915 3097 1012 3163 modo
1037 3096 1144 3165 huius
1161 3097 1221 3164 sed
1244 3096 1395 3163 omnium

223 3207 421 3297 dogmatum
439 3207 674 3275 revelatorum
689 3204 864 3274 catholica
881 3211 916 3274 et
931 3203 1130 3292 theologica
1144 3203 1396 3271 demonstratio

224 3314 453 3385 subvertitur.
480 3315 550 3383 Vix
575 3315 666 3382 enim
693 3314 805 3380 ullum
830 3314 955 3402 dogma
979 3312 1133 3402 reperire
1157 3320 1222 3395 est,
1246 3334 1308 3398 pro
1327 3335 1395 3402 quo

223 3422 460 3491 testimonium
474 3421 679 3490 traditionis
693 3421 896 3488 continuum
907 3429 1077 3510 perpetua
1090 3418 1180 3486 serie
1194 3419 1396 3503 cohaerens,

223 3530 433 3620 temporibus
464 3538 502 3597 at
526 3529 612 3596 locis
637 3528 857 3610 universale,
885 3526 1068 3593 illustrius
1092 3524 1272 3614 splendeat
1296 3547 1398 3616 quam

224 3661 283 3729 pro
308 3638 374 3707 hac
399 3639 476 3727 ipsa
493 3637 650 3726 Spiritus
668 3636 790 3703 Sancti
815 3635 1034 3723 processione
1051 3655 1072 3699 a
1088 3635 1195 3701 Patre
1220 3632 1396 3724 Filioque.

265 3808 297 3882 5.
316 3798 383 3866 IV.
410 3798 572 3866 Fallacia
596 3798 936 3886 Neoprotcstantc'um
963 3794 1003 3861 dc
1027 3797 1165 3885 oriqinc
1192 3797 1357 3862 catholici

536 3929 712 3971 consensus
736 3907 773 3970 in
799 3904 958 3969 doctrina
976 3901 1075 3991 fidei.

287 4069 459 4140 Rationes
495 4092 581 4160 quaa
609 4071 821 4137 «Professor
857 4065 1057 4153 theologiae
1090 4065 1320 4134 catholicae»
1347 4066 1399 4133 in·

226 4179 325 4249 ducit
348 4177 393 4245 ad
428 4178 708 4267 persuadendum
744 4199 845 4244 suum
871 4177 1118 4259 commentum,
1146 4173 1400 4264 processionem
