3158 4980
696 311 733 325 -
755 279 871 342 ltt-
1169 330 1172 334 .

197 403 235 470 p.
255 379 332 448 344.
352 381 517 470 explicat.
534 383 724 455 Haeretici·
736 407 786 466 eo,
802 384 892 474 quod
910 383 1074 452 Christus
1090 384 1184 452 dixit
1199 385 1370 473 Spiritum

197 513 269 553 non
293 489 390 580 loqui
413 515 435 555 c
457 495 632 579 semetipso
663 489 720 558 sed
743 495 894 580 accipere
917 517 938 559 a
962 494 1071 575 Filio,
1103 493 1367 579 concludebant,

197 597 373 686 Spiritum
396 622 470 667 esse
494 601 656 668 minorem
681 612 717 669 et
734 623 799 667 non
818 600 1150 669 consubstantialem
1174 601 1280 671 Filio.
1299 603 1370 692 cp-

197 705 307 775 rillus
337 708 539 796 respondet,
565 730 607 775 ex
631 707 687 775 his
711 708 799 797 ipsis
823 708 940 776 verbis
964 708 1099 776 Christi
1124 710 1371 794 demonstrari,

198 815 372 903 Spiritum
395 838 437 883 ex
460 816 612 885 essentia
634 814 720 883 Filii
737 816 918 904 procedere
943 840 1003 906 per
1027 817 1371 888 communicationem

198 923 355 992 eiusdem
379 924 562 992 essentiae.
591 923 672 994 cIis
695 924 792 1013 ipsis,
819 925 949 1014 inquit,
977 924 1144 993 haeretici
1169 927 1372 995 scandalum

199 1033 401 1120 patiuntur,
420 1030 547 1122 quibus
569 1033 775 1121 mysterium
794 1031 949 1120 Spiritus
967 1033 1085 1101 Sancti
1103 1032 1217 1112 doceri
1234 1034 1373 1101 debuis-

198 1149 300 1224 sent,
327 1146 364 1208 et
385 1138 603 1227 intelligere,
631 1139 731 1208 illurn
751 1139 912 1228 fructum
944 1140 1119 1230 quemdum
1143 1165 1209 1208 esse
1233 1141 1374 1210 diuinae

198 1247 382 1325 essentiae,
408 1247 547 1332 inipso
577 1261 781 1326 manentem,
809 1260 841 1314 et
864 1271 905 1314 ecc
930 1251 1007 1335 ipsa
1038 1246 1308 1316 indivisibiliter
1339 1263 1373 1317 et

198 1347 488 1442 inseparabiliter
510 1354 741 1443 (processione
765 1355 987 1440 immanente)
1010 1357 1280 1442 procedentem...
1305 1358 1372 1428 Ne·

199 1485 271 1555 que
293 1463 384 1531 enim
408 1463 846 1553 Spiritum'imperfectum
864 1487 938 1531 esse
962 1464 1122 1533 indicans
1146 1464 1291 1535 haecde
1308 1466 1373 1534 illo

198 1570 369 1640 Salvator
399 1570 504 1652 dicit,
530 1573 590 1639 sed
614 1571 682 1639 imo
706 1583 747 1639 ut
772 1572 979 1661 persuadeat
1002 1572 1246 1657 auditoribus,
1273 1573 1373 1641 illum

199 1686 324 1766 utpote
359 1683 419 1766 qui
443 1679 556 1768 ipsius
580 1679 629 1748 sit
651 1679 821 1747 esseutiae
845 1680 1022 1770 (quoniam
1050 1681 1094 1772 ab
1117 1681 1192 1770 ipso
1215 1681 1372 1770 accipit),
1412 1705 1440 1719 ··

200 1811 274 1856 non
297 1787 397 1855 uliud
419 1786 618 1856 locuturum
641 1810 742 1878 quam
767 1791 841 1876 ipse
860 1787 1000 1877 (Filius)
1022 1787 1120 1856 velit.
1139 1789 1278 1855 Etenim
1296 1811 1373 1856 cum

200 1920 295 1974 cuens
318 1899 365 1962 sit
388 1897 497 1982 ipsius
520 1897 706 1963 secundum
731 1897 868 1963 beatum
897 1896 1058 1980 Paulum,
1084 1895 1144 1985 qui
1169 1897 1210 1962 de
1234 1895 1374 1984 Spiritu

199 2003 305 2099 dicit,
330 2026 390 2069 uos
414 2017 525 2068 antem
549 2018 689 2069 mentem
712 2001 847 2070 Ourzan·
870 2003 1048 2085 labemus,
1074 2002 1139 2093 illa
1163 2003 1300 2069 omnino
1324 2003 1375 2071 lo-

203 2123 334 2202 quetur
357 2120 392 2180 et
414 2111 585 2200 disponet,
605 2135 692 2203 quae
718 2113 789 2200 c'pce
812 2114 906 2177 cuins
929 2135 1019 2176 mens
1035 2125 1098 2178 est.
1116 2112 1306 2200 Propterea
1321 2111 1373 2180 af·

204 2219 347 2303 firmat,
373 2211 545 2310 Spiritum
576 2220 667 2287 nihil
697 2219 896 2289 locuturum
920 2242 941 2285 a
971 2218 1175 2307 semetipso;
1202 2241 1242 2287 ac
1266 2219 1297 2286 si
1321 2218 1375 2287 di-

205 2335 314 2396 caret:
332 2349 396 2415 ego
419 2351 493 2395 sum
519 2351 655 2409 rursus,
674 2328 734 2418 qui
752 2328 886 2416 loquor.
904 2326 1053 2394 Perinde
1069 2349 1110 2394 ac
1127 2327 1158 2394 si
1176 2349 1269 2395 mens
1286 2351 1375 2419 quae

205 2447 261 2504 est
283 2435 318 2501 in
351 2434 489 2504 homine
512 2437 621 2523 (siout
643 2434 760 2502 Filius
790 2443 846 2502 est
871 2435 1022 2504 Verbum
1052 2443 1088 2503 et
1122 2458 1216 2504 meus
1240 2436 1373 2522 Patris)

205 2542 339 2632 diceret
360 2543 402 2611 de
428 2543 630 2631 procedente
653 2564 675 2608 a
698 2564 734 2610 se
759 2544 864 2610 verbo
895 2543 1004 2630 (sicut
1027 2542 1187 2632 Spiritus
1219 2544 1388 2632 procedit

205 2673 227 2718 a
251 2649 378 2738 Filio):
404 2674 471 2718 non
501 2653 666 2744 loquetur
697 2651 884 2744 quidquam
908 2673 932 2718 a
959 2652 1164 2741 semetipso,
1191 2653 1250 2720 sed
1274 2673 1392 2744 qnae·.

204 2782 353 2850 cumque
376 2762 508 2844 audiet,
533 2760 712 2851 loquetur.
734 2760 809 2834 ,Nec
825 2782 1000 2827 commune
1023 2759 1087 2827 hoo
1103 2766 1140 2828 et
1156 2759 1377 2850 prolatitium

203 2867 358 2936 hominis
382 2871 526 2936 verbum
550 2868 733 2960 qnisquam
758 2869 997 2958 imperfectum
1022 2870 1073 2958 (in
1092 2891 1153 2935 suo
1171 2872 1310 2956 genere)
1327 2868 1378 2936 di·

203 2977 301 3047 xerit
325 2985 524 3066 propterea,
551 2978 642 3067 quod
666 2977 764 3065 prius
790 2977 965 3062 formetur
989 2979 1026 3040 in
1056 2991 1165 3041 mente
1187 2992 1220 3043 et
1244 2998 1285 3042 ece
1311 2976 1379 3043 illa

204 3089 378 3173 accipiens
396 3084 572 3176 procedat.
598 3085 657 3153 Ita
681 3087 754 3153 fere
778 3084 818 3151 de
843 3079 981 3172 Spiritu
1005 3083 1133 3152 Sancto
1158 3083 1378 3152 sentiendum

204 3202 273 3266 est.
300 3193 385 3265 Cum
408 3196 500 3263 enirn
524 3194 572 3261 sit
595 3216 685 3260 mens
703 3191 849 3274 carcerc,
864 3193 979 3259 omnia
1002 3214 1090 3284 quae
1107 3193 1145 3260 in
1160 3191 1237 3281 ipso
1252 3192 1381 3280 (Filio).

204 3313 305 3386 sunt,
331 3303 515 3393 discipulis
538 3303 708 3394 loquitur,
727 3324 796 3370 non
820 3302 856 3369 in
881 3301 1063 3370 voluntate
1086 3301 1208 3391 aliqua
1231 3301 1299 3369 sibi
1323 3323 1380 3390 pe-

207 3412 337 3483 culiari
360 3411 505 3502 loquens
528 3420 592 3479 aut
615 3411 653 3478 in
676 3410 858 3481 voluntate
882 3410 997 3479 aliena
1019 3412 1062 3477 ab
1086 3409 1149 3477 illo
1173 3409 1310 3498 (Filio),
1340 3410 1379 3474 in
1415 3443 1419 3451 =

207 3542 275 3612 pac
300 3532 332 3586 et
355 3541 395 3585 ecc
419 3543 484 3611 quc
508 3534 569 3601 eet,
593 3516 650 3585 ced
674 3533 712 3584 ut
735 3518 949 3586 uctrcraliter
970 3516 1151 3608 procedens
1176 3540 1216 3584 ecc
1240 3520 1313 3583 eius
1330 3538 1378 3582 ec·

207 3630 347 3712 sentia,
373 3653 412 3696 uc
447 3643 553 3696 totam
577 3631 648 3696 eius
679 3617 750 3695 tunc
772 3631 981 3698 uoluntatem
1012 3618 1136 3695 lubens
1168 3642 1239 3695 tum
1268 3629 1380 3695 uirtu-

175 3786 178 3792 .
210 3749 310 3804 rems
337 3737 400 3825 (l).

280 3954 325 4031 (1),
344 3956 380 4013 Δι’
399 3958 430 4013 c‘v
450 3981 504 4030 γαρ
524 3958 601 4031 ι’χρην
622 3957 821 4015 iauactsvsctar
836 3961 941 4029 μαλλον
961 3976 1060 4030 conspr
1075 3979 1122 4013 uon
1134 3959 1214 4029 ἅγιον
1227 3970 1378 4033 cleopater

213 4066 362 4118 μυστηριον,
381 4070 425 4102 και
444 4038 507 4101 adera
528 4050 727 4120 induresceret
746 4070 785 4110 τις
805 4047 891 4121 decep
910 4048 966 4102 ἐστι
987 4071 1032 4112 της
1054 4049 1129 4113 Serae
1149 4050 1289 4118 duumuir
1308 4052 1389 4126 ἀυτῇ

216 4158 240 4191 τι
259 4139 285 4194 ὄν
306 4162 348 4192 και
369 4136 397 4205 ἒξ
417 4139 499 4202 ciuem
518 4140 664 4211 άμεριστως
680 4161 706 4192 τε
727 4161 770 4192 και
790 4137 943 4210 ἀχωριστως
961 4160 1163 4213 προερχομενον,
1181 4163 1224 4196 και
1250 4142 1378 4214 incurvos

216 4246 282 4290 uara
301 4250 347 4284 την
367 4248 519 4286 cuneorum
536 4250 582 4290 της
608 4233 778 4300 consumta
801 4249 895 4282 τουτων
921 4224 1004 4282 dorus
1029 4229 1317 4304 σκανδαλιζονται....
1336 4253 1380 4285 και

217 4335 262 4389 γαρ
281 4339 341 4379 acu<
363 4319 485 4390 ὑπαρχων
505 4315 596 4383 dcccv,
615 4315 702 4373 inccta
720 4339 822 4381 παντως
841 4325 972 4391 λογιειταῑ
992 4333 1034 4374 tur
1056 4324 1182 4389 arataeo,
1199 4323 1268 4396 οἱπερ
1287 4321 1319 4376 οἶν
1334 4331 1380 4376 uus

215 4401 299 4475 dcccc,
318 4409 347 4466 c'u
367 4430 411 4465 uec
432 4406 491 4465 ὅση
511 4428 569 4472 acue
582 4410 731 4482 ...canu
750 4405 782 4464 cic
803 4407 887 4466 tram
907 4410 920 4466 ὁ
941 4405 967 4466 ir
994 4408 1118 4485 ἀνθρώπῳ
1138 4423 1199 4476 reve
1220 4417 1296 4483 tepor
1315 4399 1389 4485 nepe*
