3120 4988
692 281 730 296 —
752 249 868 314 169-

189 371 241 417 ex
264 351 413 440 epistola
435 352 564 442 cyrilli
587 355 632 424 ed
655 353 817 425 Ioennem
840 356 1118 443 Antiochenam,
1143 379 1185 426 ex
1209 357 1368 432 Concilio

192 455 471 528 chalcedonensi
505 460 543 529 in
566 484 632 554 quo
655 464 773 534 eedem
805 463 953 551 epistole
983 464 1055 534 fuit
1085 467 1300 554 approbate,
1326 490 1368 536 ex

193 557 413 655 professione
445 568 527 637 fidei
550 569 773 659 imperatoris
796 572 1007 658 Iustiniani,
1032 594 1075 641 ex
1099 573 1250 662 epistola
1273 574 1369 664 Age·

194 674 320 745 thonis
354 676 501 745 Romani
529 678 712 748 Pontificis
743 678 787 746 ud
821 678 1065 770 imperatorem
1100 681 1371 751 Constantinum

195 860 323 916 ulterius
342 863 479 929 explicat.
496 864 624 918 Ecclesia
642 879 710 918 vere
736 868 781 918 est
799 865 862 933 ille,
888 866 995 933 inquit,
1017 881 1087 933 quae
1116 867 1274 933 symbolum
1302 865 1372 920 tion·

197 951 492 1018 stantinopelitenum
507 960 536 1006 st
550 952 732 1007 definitiones
747 954 936 1008 Consiliorum
949 956 1185 1009 oecumenicorum
1200 957 1230 1008 in
1241 956 1371 1009 omnibus

196 1043 335 1102 artieulis
352 1042 613 1102 fundamentalibus
632 1044 699 1097 sine
716 1044 904 1098 diminutione
924 1050 953 1097 et
970 1046 1032 1097 eine
1045 1045 1193 1097 additione
1206 1040 1367 1113 conservat,

197 1138 230 1185 et
247 1134 309 1189 iure
328 1136 429 1189 merito
447 1136 541 1188 omnia
559 1151 610 1188 sus
629 1134 762 1201 dogmate
778 1137 926 1190 confirmat
943 1136 1072 1189 unanimi
1097 1136 1227 1189 doctrina
1255 1152 1294 1189 ss.
1318 1137 1374 1188 Pe·

198 1226 344 1279 tremuli
365 1229 410 1278 est
432 1228 544 1280 uotoire
564 1242 616 1293 que
635 1227 755 1292 l'llglise
774 1228 963 1294 meminique
982 1243 999 1280 a
1018 1227 1074 1280 fait
1092 1225 1229 1280 entendre
1249 1242 1281 1278 ss
1299 1226 1368 1279 voix

198 1314 363 1370 inieiilible
383 1318 573 1374 surtousles
592 1318 711 1371 articles
730 1319 863 1384 oapiteux
884 1317 966 1370 dele
994 1317 1045 1383 foi,
1071 1315 1142 1370 dans
1170 1316 1213 1369 les
1242 1312 1372 1368 Oonmlee

199 1407 419 1474 oeeumdniquee,
444 1423 478 1461 en
497 1409 667 1475 particulier
686 1408 757 1461 dans
776 1409 802 1460 le
823 1409 949 1474 symbols
968 1407 1003 1461 de
1023 1407 1107 1459 Nioee
1126 1405 1207 1458 etde
1236 1404 1373 1457 constan·

200 1497 325 1563 tinople,
347 1501 376 1550 st
391 1497 514 1550 d'autres
534 1497 643 1551 decreta
663 1513 713 1550 sur
731 1498 858 1551 certeins
878 1497 1021 1563 dogmes...
1034 1499 1074 1548 De
1090 1497 1120 1548 le
1133 1498 1160 1546 le
1166 1496 1286 1561 premier
1291 1494 1373 1560 pein-

202 1588 262 1652 eips
276 1589 437 1653 partielsle
455 1605 518 1642 nom
537 1588 665 1654 d’Eglise
683 1589 840 1642 orthodoxe
859 1589 921 1643 doit
951 1589 1120 1656 sppartenir
1148 1589 1375 1643 exclusivement

204 1677 309 1733 icelle
328 1678 378 1731 des
397 1679 511 1744 Eglises
531 1681 701 1747 existentes,
720 1682 806 1747 quie
831 1682 984 1734 conserues
1013 1680 1137 1746 integre,
1163 1695 1232 1733 suns
1260 1695 1280 1746 y
1308 1680 1371 1733 rien

202 1767 316 1834 ,siouter
334 1768 367 1821 ui
385 1783 420 1820 en
438 1769 501 1821 rien
521 1766 696 1837 retrancber,
711 1773 786 1822 cette
806 1770 886 1835 regie
905 1769 1068 1821 infiniment
1082 1769 1212 1822 sacres...
1223 1769 1261 1819 Le
1270 1769 1373 1820 second

200 1855 331 1922 principe
344 1857 464 1922 partiale
478 1858 549 1911 celle
567 1857 676 1913 d'entre
696 1862 789 1912 tontes
803 1859 846 1912 les
867 1860 981 1925 Eglises
994 1859 1165 1925 existentes,
1180 1859 1229 1925 qui
1243 1860 1312 1925 peut
1326 1874 1373 1926 sp-

204 1960 293 2012 puyer
313 1950 343 2000 et
360 1949 463 2015 sppuie
483 1951 500 2001 i.
514 1950 593 2018 juste
613 1950 682 2002 titre
703 1953 765 2004 tous
783 1951 826 2003 les
845 1950 958 2016 dogmes
978 1949 1121 2016 professes
1135 1964 1188 2016 par
1201 1949 1258 2001 elle
1272 1962 1323 2000 sur
1340 1949 1371 2001 le

203 2050 343 2100 croyeuce
368 2039 501 2093 unanime
528 2040 578 2092 des
604 2056 643 2095 es.
665 2040 749 2093 Penes
775 2056 809 2093 ou
828 2040 861 2093 de
890 2044 969 2095 toute
996 2040 1157 2093 l'aneieune
1187 2038 1372 2104 elrecienee,

162 2127 165 2131 ’
200 2127 326 2185 celle-le
344 2129 421 2183 seule
440 2133 485 2183 est
503 2109 723 2184 ueriteblement
742 2132 865 2197 l’ligllse
882 2129 1077 2185 orthodoxe.»

216 2248 219 2253 ·
279 2219 320 2272 At
338 2219 488 2275 evidenter
505 2223 558 2275 boc
584 2222 736 2277 secundum
764 2224 867 2290 nequit
893 2223 1002 2276 censeri
1034 2229 1104 2273 eota
1132 2218 1285 2287 Ecclesiae,
1316 2233 1376 2272 eum

198 2322 256 2377 1201
275 2319 368 2369 vascitos
398 2316 549 2378 quaeretur
577 2329 647 2367 sere
665 2313 801 2381 Ecclesia,
829 2328 864 2365 ex
883 2314 962 2366 cuius
981 2311 1084 2366 deinde
1110 2312 1281 2366 auctoritate
1301 2311 1376 2363 certi

200 2399 359 2453 reddemur
378 2398 415 2455 de
432 2403 606 2470 antiquitate
626 2406 656 2456 et
679 2404 804 2456 veritate
830 2402 919 2456 totius
945 2402 1102 2469 doetrinae3
1127 2417 1182 2454 non
1212 2406 1305 2456 eutem
1328 2416 1379 2468 per

158 2544 159 2547 ,
202 2504 326 2542 examen
346 2491 435 2544 totius
455 2491 611 2559 doctrinae,
632 2492 706 2559 quod
725 2491 842 2544 deberet
853 2507 915 2546 esse
935 2506 1053 2545 exemen
1066 2489 1262 2558 independens
1277 2492 1313 2544 eb
1332 2505 1380 2544 uu·

199 2581 342 2634 ctoritste
353 2582 497 2636 Ecclesiae
507 2584 629 2637 nondum
643 2583 783 2649 cognitae,
798 2582 908 2648 singuli
926 2583 1076 2649 pervenire
1095 2585 1215 2649 possunt
1229 2581 1265 2634 ad
1278 2595 1378 2646 cogno·

204 2671 341 2728 suenci-am
349 2688 444 2727 serem
453 2674 616 2727 ldoolesiem.
625 2675 666 2726 De
677 2673 767 2741 priori
779 2677 871 2726 eutem
877 2672 1024 2740 principio
1030 2672 1162 2736 poetioli,
1173 2671 1233 2723 noli
1246 2684 1381 2737 quaerere

208 2764 346 2831 quomodo
358 2765 485 2819 Ecclesia
496 2780 564 2818 vera
574 2781 630 2817 uon
640 2763 872 2817 emiseritistem
892 2771 988 2815 netem
998 2764 1055 2814 iam
1065 2762 1096 2814 in
1110 2763 1173 2828 ipso
1186 2761 1316 2814 Concilio
1327 2762 1380 2828 11.,

208 2854 260 2907 ubi
272 2854 355 2921 plura
374 2855 489 2907 eddidit
506 2856 643 2921 symbolo,
666 2852 738 2921 qnod
759 2868 896 2920 eousque
920 2855 951 2905 in
969 2868 1022 2905 usu
1043 2851 1145 2913 iserae
1162 2850 1298 2918 quomodo
1324 2865 1382 2904 non

208 2944 332 3011 perierit
345 2944 495 2998 additione
506 2944 701 2999 definitionum
713 2945 744 2996 in
755 2944 884 2997 omnibus
896 2942 1032 2996 Oonciiiis
1044 2940 1293 3008 subsequentibus;
1316 2953 1383 3006 quo·
1469 2947 1472 2959 ¹

209 3036 289 3093 mide
302 3036 411 3087 additio
422 3035 617 3102 definitionum
629 3035 776 3088 doctrines
787 3037 883 3088 seeete
893 3033 957 3085 fleri
968 3034 1095 3100 potuerit
1107 3035 1136 3084 et
1149 3031 1225 3083 lacta
1238 3031 1278 3083 sit
1292 3044 1383 3096 esque

210 3125 245 3179 ed
255 3127 415 3181 (lencilium
425 3127 488 3193 Vll,
499 3127 610 3180 saeculo
621 3131 729 3191 octavo,
743 3124 873 3190 deinceps
884 3134 951 3176 rere
963 3121 1072 3174 additio
1082 3120 1262 3173 delinitionis
1271 3119 1383 3186 dogme·

212 3219 269 3273 tum
280 3218 474 3270 reveletorum
487 3218 647 3271 destrueret
666 3223 763 3267 notam
779 3229 863 3267 verae
878 3212 1031 3278 Ecclesiae
1049 3208 1183 3277 quomodo
1198 3210 1269 3262 certi
1284 3209 1384 3263 redda-

212 3321 278 3374 mur,
292 3310 400 3374 septem
413 3300 468 3360 ills
480 3307 608 3360 Concilie
620 3321 682 3359 esse
695 3304 790 3358 omnia
802 3303 988 3369 oecumenico,
1003 3317 1037 3354 ex
1051 3301 1256 3367 posterioribus
1271 3302 1382 3354 nullum

214 3411 271 3452 esse
281 3397 499 3463 oecumenicum,
512 3412 572 3450 cum
584 3401 679 3449 tamen
689 3396 722 3448 in
730 3394 778 3447 bis
796 3407 891 3447 omnes
908 3392 1085 3444 characteres
1101 3389 1221 3442 concilii
1235 3389 1382 3442 universe·
1487 3447 1489 3452 s

213 3488 246 3544 lie
263 3489 356 3545 multo
374 3487 524 3539 illustrius
543 3484 754 3553 resplendeant,
772 3500 855 3551 quam
874 3484 905 3536 iu
919 3480 1085 3548 quibusdam
1105 3478 1248 3545 prioribus
1266 3493 1290 3529 ο.
1306 3494 1333 3543 g.
1349 3478 1382 3532 in

213 3575 676 3642 Constantinopolitencl.?lieec
689 3575 806 3640 inquem
820 3578 850 3626 et
865 3572 913 3624 his
928 3570 1040 3636 gemine
1060 3567 1121 3620 noli
1131 3580 1277 3634 queerere;
1291 3567 1381 3620 liece-

212 3669 267 3727 iius
289 3667 367 3719 enim
388 3667 457 3719 haec
477 3666 532 3718 duo
544 3665 691 3732 principia
705 3663 859 3730 partialis,
879 3662 992 3714 nomine
1013 3666 1148 3710 notorem
1159 3655 1317 3724 Ecclesiae,
1332 3672 1381 3722 pu-

209 3761 251 3814 tet
264 3758 329 3814 sibi
347 3757 510 3810 recesseris
535 3771 596 3808 esse
616 3760 646 3808 et
670 3757 795 3808 sufficere
814 3753 849 3806 ad
869 3749 1074 3805 ostendendum
1098 3747 1253 3801 Ecclesium
1283 3761 1380 3815 unam,

205 3854 351 3915 unctum,
368 3848 547 3913 cothonem,
562 3845 751 3912 apostolicam
772 3846 925 3898 Romanum
944 3857 1000 3894 non
1020 3855 1083 3892 esse
1102 3837 1260 3892 Ecclesiam
1272 3853 1379 3892 venem.

202 3940 248 4000 lio
265 3949 364 3998 eutem
382 3941 506 4008 cuipiam
525 3955 636 3994 snorum
654 3940 829 3992 alumnorum
848 3936 880 3988 in
900 3938 1021 3987 mentem
1034 3932 1134 3986 veniat
1148 3928 1298 3984 secundum
1313 3930 1382 3982 haee

199 4035 359 4101 prinsipes
377 4032 537 4087 instituere.
553 4045 670 4083 examen
690 4027 887 4081 definitionum
905 4023 1096 4077 conciliorum
1115 4024 1145 4074 et
1162 4018 1307 4072 unanimis
1335 4017 1385 4071 do·-

201 4131 328 4187 etninee
347 4128 475 4180 veterum
494 4124 610 4176 Puteum
630 4135 686 4173 non
705 4133 739 4170 ex
759 4115 844 4171 libris
864 4113 1111 4182 schismaticorum
1131 4109 1180 4164 sed
1200 4124 1234 4161 ex
1254 4107 1387 4174 munieris

200 4215 355 4282 toseibsu
376 4215 440 4280 ipse
453 4213 639 4280 praeoccupat
653 4205 817 4263 huiusmodi
829 4203 985 4269 molimine,
1002 4216 1072 4269 quse
1086 4198 1206 4253 detectis
1222 4196 1389 4264 imposturis

200 4305 304 4367 sessile
324 4305 499 4362 deducerent
513 4302 551 4361 ed
568 4300 723 4355 Ecclesiam
745 4295 925 4351 catholicam.
947 4313 960 4340 e
984 4293 1126 4359 Supposer
1145 4290 1218 4357 uu’ib
1243 4288 1339 4355 puisse
1368 4301 1387 4350 y

205 4397 309 4458 esur.
321 4386 392 4458 dese
410 4394 534 4462 l'llglise
549 4391 711 4452 nemeseus
724 4387 768 4462 th.
783 4400 807 4447 e·
824 4380 1121 4462 impetielfflussiw)
1131 4380 1182 4437 des
1197 4379 1322 4448 *nevile
1339 4375 1389 4444 qui
