<?xml version="1.0" encoding="UTF-8"?>
<!DOCTYPE html PUBLIC "-//W3C//DTD XHTML 1.0 Transitional//EN"
    "http://www.w3.org/TR/xhtml1/DTD/xhtml1-transitional.dtd">
<html xmlns="http://www.w3.org/1999/xhtml" xml:lang="en" lang="en">
 <head>
  <title>
</title>
<meta http-equiv="Content-Type" content="text/html;charset=utf-8" />
  <meta name='ocr-system' content='tesseract 3.04.00' />
  <meta name='ocr-capabilities' content='ocr_page ocr_carea ocr_par ocr_line ocrx_word'/>
</head>
<body>
  <div class='ocr_page' id='page_1' title='image "./ioannisbaptfran00frangoog_0036.png"; bbox 0 0 3120 4988; ppageno 0'>
   <div class='ocr_carea' id='block_1_1' title="bbox 104 271 1332 3281">
    <p class='ocr_par' dir='ltr' id='par_1_1' title="bbox 104 271 1332 3281">
     <span class='ocr_line' id='line_1_1' title="bbox 611 271 770 334; baseline 0.006 -16"><span class='ocrx_word' id='word_1_1' title='bbox 611 271 770 334; x_wconf 77' lang='lat'>..31-</span> 
     </span>
     <span class='ocr_line' id='line_1_2' title="bbox 110 375 1280 469; baseline 0.002 -23"><span class='ocrx_word' id='word_1_2' title='bbox 110 375 295 448; x_wconf 89' lang='lat' dir='ltr'>secundum</span> <span class='ocrx_word' id='word_1_3' title='bbox 320 399 407 469; x_wconf 88' lang='lat' dir='ltr'>quos</span> <span class='ocrx_word' id='word_1_4' title='bbox 430 377 518 449; x_wconf 88' lang='lat' dir='ltr'>citat</span> <span class='ocrx_word' id='word_1_5' title='bbox 540 401 570 447; x_wconf 90' lang='grc' dir='ltr'>ε.</span> <span class='ocrx_word' id='word_1_6' title='bbox 589 379 715 463; x_wconf 86' lang='lat' dir='ltr'>Lucas,</span> <span class='ocrx_word' id='word_1_7' title='bbox 735 378 772 445; x_wconf 91' lang='lat' dir='ltr'>in</span> <span class='ocrx_word' id='word_1_8' title='bbox 794 378 908 447; x_wconf 86' lang='lat' dir='ltr'>altero</span> <span class='ocrx_word' id='word_1_9' title='bbox 931 378 1043 448; x_wconf 91' lang='lat' dir='ltr'>inciso</span> <span class='ocrx_word' id='word_1_10' title='bbox 1066 403 1188 449; x_wconf 90' lang='lat' dir='ltr'>nomen</span> <span class='ocrx_word' id='word_1_11' title='bbox 1212 381 1280 448; x_wconf 88' lang='lat' dir='ltr'>De·</span> 
     </span>
     <span class='ocr_line' id='line_1_3' title="bbox 109 485 1280 577; baseline 0.007 -29"><span class='ocrx_word' id='word_1_12' title='bbox 109 485 218 550; x_wconf 82' lang='lat' dir='ltr'>minue</span> <span class='ocrx_word' id='word_1_13' title='bbox 241 485 407 554; x_wconf 90' lang='lat' dir='ltr'>omissum</span> <span class='ocrx_word' id='word_1_14' title='bbox 430 487 567 577; x_wconf 90' lang='lat' dir='ltr'>quidem</span> <span class='ocrx_word' id='word_1_15' title='bbox 592 493 657 575; x_wconf 80' lang='lat' dir='ltr'>est,</span> <span class='ocrx_word' id='word_1_16' title='bbox 689 486 747 555; x_wconf 90' lang='lat' dir='ltr'>sed</span> <span class='ocrx_word' id='word_1_17' title='bbox 772 487 941 555; x_wconf 82' lang='lat' dir='ltr'><strong>facillime</strong></span> <span class='ocrx_word' id='word_1_18' title='bbox 976 509 1018 554; x_wconf 89' lang='lat' dir='ltr'>ex</span> <span class='ocrx_word' id='word_1_19' title='bbox 1043 492 1144 556; x_wconf 88' lang='lat' dir='ltr'>textu</span> <span class='ocrx_word' id='word_1_20' title='bbox 1172 488 1280 577; x_wconf 86' lang='lat' dir='ltr'>origi·</span> 
     </span>
     <span class='ocr_line' id='line_1_4' title="bbox 106 591 1281 686; baseline 0.006 -28"><span class='ocrx_word' id='word_1_21' title='bbox 106 591 178 658; x_wconf 91' lang='lat' dir='ltr'>nali</span> <span class='ocrx_word' id='word_1_22' title='bbox 203 592 555 681; x_wconf 85' lang='lat' dir='ltr'>subintelligendum.</span> <span class='ocrx_word' id='word_1_23' title='bbox 573 594 624 662; x_wconf 88' lang='lat' dir='ltr'>At</span> <span class='ocrx_word' id='word_1_24' title='bbox 649 595 683 681; x_wconf 86' lang='grc' dir='ltr'>β)</span> <span class='ocrx_word' id='word_1_25' title='bbox 707 596 938 686; x_wconf 83' lang='lat' dir='ltr'>undequaque</span> <span class='ocrx_word' id='word_1_26' title='bbox 961 595 1104 664; x_wconf 87' lang='lat' dir='ltr'>evidens</span> <span class='ocrx_word' id='word_1_27' title='bbox 1128 603 1183 665; x_wconf 91' lang='lat' dir='ltr'>est</span> <span class='ocrx_word' id='word_1_28' title='bbox 1206 605 1281 665; x_wconf 88' lang='lat' dir='ltr'>tum</span> 
     </span>
     <span class='ocr_line' id='line_1_5' title="bbox 105 701 1332 795; baseline 0.007 -27"><span class='ocrx_word' id='word_1_29' title='bbox 105 725 207 792; x_wconf 90' lang='lat' dir='ltr'>penes</span> <span class='ocrx_word' id='word_1_30' title='bbox 232 701 437 791; x_wconf 91' lang='lat' dir='ltr'>prophetam</span> <span class='ocrx_word' id='word_1_31' title='bbox 457 709 548 771; x_wconf 62' lang='lat' dir='ltr'>‘tum</span> <span class='ocrx_word' id='word_1_32' title='bbox 573 704 610 771; x_wconf 92' lang='lat' dir='ltr'>in</span> <span class='ocrx_word' id='word_1_33' title='bbox 646 705 947 795; x_wconf 89' lang='lat' dir='ltr'>applicatione-ab</span> <span class='ocrx_word' id='word_1_34' title='bbox 981 706 1056 795; x_wconf 90' lang='lat' dir='ltr'>ipso</span> <span class='ocrx_word' id='word_1_35' title='bbox 1094 706 1281 776; x_wconf 82' lang='lat' dir='ltr'>Salvatore</span> <span class='ocrx_word' id='word_1_36' title='bbox 1329 762 1332 767; x_wconf 30' lang='lat'><strong>⁴</strong></span> 
     </span>
     <span class='ocr_line' id='line_1_6' title="bbox 106 813 1282 902; baseline 0.004 -23"><span class='ocrx_word' id='word_1_37' title='bbox 106 813 202 880; x_wconf 87' lang='lat' dir='ltr'>facta</span> <span class='ocrx_word' id='word_1_38' title='bbox 227 834 330 902; x_wconf 90' lang='lat' dir='ltr'>penes</span> <span class='ocrx_word' id='word_1_39' title='bbox 354 813 510 896; x_wconf 85' lang='lat' dir='ltr'>Lucam,</span> <span class='ocrx_word' id='word_1_40' title='bbox 541 813 598 882; x_wconf 92' lang='lat' dir='ltr'>hic</span> <span class='ocrx_word' id='word_1_41' title='bbox 622 813 802 881; x_wconf 86' lang='lat' dir='ltr'>Christum</span> <span class='ocrx_word' id='word_1_42' title='bbox 828 813 902 881; x_wconf 89' lang='lat' dir='ltr'>diei·</span> <span class='ocrx_word' id='word_1_43' title='bbox 934 815 1026 883; x_wconf 90' lang='lat' dir='ltr'>sicut</span> <span class='ocrx_word' id='word_1_44' title='bbox 1051 821 1194 883; x_wconf 91' lang='lat' dir='ltr'>unctum</span> <span class='ocrx_word' id='word_1_45' title='bbox 1228 816 1282 884; x_wconf 89' lang='lat' dir='ltr'>ita</span> 
     </span>
     <span class='ocr_line' id='line_1_7' title="bbox 105 921 1281 1012; baseline 0 -22"><span class='ocrx_word' id='word_1_46' title='bbox 105 922 210 990; x_wconf 90' lang='lat' dir='ltr'>etiam</span> <span class='ocrx_word' id='word_1_47' title='bbox 233 921 377 988; x_wconf 90' lang='lat' dir='ltr'>missum</span> <span class='ocrx_word' id='word_1_48' title='bbox 402 921 590 990; x_wconf 90' lang='lat' dir='ltr'>secundum</span> <span class='ocrx_word' id='word_1_49' title='bbox 615 922 882 989; x_wconf 81' lang='lat' dir='ltr'>humanitatem.</span> <span class='ocrx_word' id='word_1_50' title='bbox 911 921 954 988; x_wconf 93' lang='lat' dir='ltr'>In</span> <span class='ocrx_word' id='word_1_51' title='bbox 978 930 1158 1012; x_wconf 90' lang='lat' dir='ltr'>assumpta</span> <span class='ocrx_word' id='word_1_52' title='bbox 1188 923 1281 990; x_wconf 89' lang='lat' dir='ltr'>enim</span> 
     </span>
     <span class='ocr_line' id='line_1_8' title="bbox 105 1027 1279 1117; baseline 0.002 -21"><span class='ocrx_word' id='word_1_53' title='bbox 105 1034 234 1096; x_wconf 88' lang='lat' dir='ltr'>natura</span> <span class='ocrx_word' id='word_1_54' title='bbox 257 1027 422 1096; x_wconf 86' lang='lat' dir='ltr'>Christus</span> <span class='ocrx_word' id='word_1_55' title='bbox 456 1028 606 1116; x_wconf 84' lang='lat' dir='ltr'>ungitur</span> <span class='ocrx_word' id='word_1_56' title='bbox 641 1028 824 1117; x_wconf 88' lang='lat' dir='ltr'>aSpiritu</span> <span class='ocrx_word' id='word_1_57' title='bbox 850 1028 978 1097; x_wconf 88' lang='lat' dir='ltr'>Sancto</span> <span class='ocrx_word' id='word_1_58' title='bbox 1015 1035 1089 1096; x_wconf 90' lang='lat' dir='ltr'>tum</span> <span class='ocrx_word' id='word_1_59' title='bbox 1115 1032 1279 1099; x_wconf 88' lang='lat' dir='ltr'>unctione</span> 
     </span>
     <span class='ocr_line' id='line_1_9' title="bbox 105 1135 1271 1224; baseline -0.001 -19"><span class='ocrx_word' id='word_1_60' title='bbox 105 1135 334 1204; x_wconf 78' lang='lat' dir='ltr'>substantiali</span> <span class='ocrx_word' id='word_1_61' title='bbox 360 1157 421 1224; x_wconf 92' lang='lat' dir='ltr'>per</span> <span class='ocrx_word' id='word_1_62' title='bbox 455 1136 616 1203; x_wconf 87' lang='lat' dir='ltr'>unionem</span> <span class='ocrx_word' id='word_1_63' title='bbox 640 1136 811 1204; x_wconf 83' lang='lat' dir='ltr'>humanae</span> <span class='ocrx_word' id='word_1_64' title='bbox 849 1141 999 1204; x_wconf 89' lang='lat' dir='ltr'>naturae</span> <span class='ocrx_word' id='word_1_65' title='bbox 1031 1158 1109 1203; x_wconf 92' lang='lat' dir='ltr'>cum</span> <span class='ocrx_word' id='word_1_66' title='bbox 1144 1136 1271 1222; x_wconf 80' lang='lat' dir='ltr'>Verbo,</span> 
     </span>
     <span class='ocr_line' id='line_1_10' title="bbox 105 1245 1278 1335; baseline -0.002 -19"><span class='ocrx_word' id='word_1_67' title='bbox 105 1254 177 1316; x_wconf 91' lang='lat' dir='ltr'>tum</span> <span class='ocrx_word' id='word_1_68' title='bbox 204 1248 368 1315; x_wconf 86' lang='lat' dir='ltr'>unctione</span> <span class='ocrx_word' id='word_1_69' title='bbox 391 1246 600 1315; x_wconf 91' lang='lat' dir='ltr'>accidentali</span> <span class='ocrx_word' id='word_1_70' title='bbox 615 1269 676 1335; x_wconf 90' lang='lat' dir='ltr'>per</span> <span class='ocrx_word' id='word_1_71' title='bbox 699 1246 921 1315; x_wconf 87' lang='lat' dir='ltr'>diffusionem</span> <span class='ocrx_word' id='word_1_72' title='bbox 937 1245 1089 1313; x_wconf 88' lang='lat' dir='ltr'>omnium</span> <span class='ocrx_word' id='word_1_73' title='bbox 1107 1246 1278 1315; x_wconf 89' lang='lat' dir='ltr'>donorum</span> 
     </span>
     <span class='ocr_line' id='line_1_11' title="bbox 104 1353 1279 1446; baseline 0 -24"><span class='ocrx_word' id='word_1_74' title='bbox 104 1355 139 1422; x_wconf 93' lang='lat' dir='ltr'>in</span> <span class='ocrx_word' id='word_1_75' title='bbox 164 1355 242 1444; x_wconf 90' lang='lat' dir='ltr'>ipsa</span> <span class='ocrx_word' id='word_1_76' title='bbox 267 1362 396 1421; x_wconf 91' lang='lat' dir='ltr'>natura</span> <span class='ocrx_word' id='word_1_77' title='bbox 419 1354 583 1438; x_wconf 90' lang='lat' dir='ltr'>humana,</span> <span class='ocrx_word' id='word_1_78' title='bbox 601 1355 651 1442; x_wconf 93' lang='grc'>(1)</span> <span class='ocrx_word' id='word_1_79' title='bbox 668 1377 757 1446; x_wconf 88' lang='lat' dir='ltr'>quae</span> <span class='ocrx_word' id='word_1_80' title='bbox 773 1353 842 1421; x_wconf 92' lang='lat' dir='ltr'>alio</span> <span class='ocrx_word' id='word_1_81' title='bbox 866 1353 941 1422; x_wconf 93' lang='lat' dir='ltr'>loco</span> <span class='ocrx_word' id='word_1_82' title='bbox 965 1354 1007 1419; x_wconf 92' lang='lat' dir='ltr'>ab</span> <span class='ocrx_word' id='word_1_83' title='bbox 1031 1353 1126 1421; x_wconf 88' lang='lat' dir='ltr'>Isaia</span> <span class='ocrx_word' id='word_1_84' title='bbox 1150 1354 1279 1423; x_wconf 90' lang='lat' dir='ltr'>descri-</span> 
     </span>
     <span class='ocr_line' id='line_1_12' title="bbox 106 1461 1279 1552; baseline 0 -22"><span class='ocrx_word' id='word_1_85' title='bbox 106 1463 238 1531; x_wconf 83' lang='lat' dir='ltr'>buntur</span> <span class='ocrx_word' id='word_1_86' title='bbox 261 1462 312 1530; x_wconf 92' lang='lat' dir='ltr'>ls.</span> <span class='ocrx_word' id='word_1_87' title='bbox 328 1462 394 1531; x_wconf 90' lang='lat' dir='ltr'>XI.</span> <span class='ocrx_word' id='word_1_88' title='bbox 412 1462 477 1529; x_wconf 79' lang='grc'>2-3</span> <span class='ocrx_word' id='word_1_89' title='bbox 501 1464 565 1552; x_wconf 85' lang='lat' dir='ltr'>(cf.</span> <span class='ocrx_word' id='word_1_90' title='bbox 585 1463 626 1530; x_wconf 93' lang='lat' dir='ltr'>de</span> <span class='ocrx_word' id='word_1_91' title='bbox 650 1462 830 1531; x_wconf 89' lang='lat' dir='ltr'>Inearnat.</span> <span class='ocrx_word' id='word_1_92' title='bbox 850 1462 917 1531; x_wconf 74' lang='lat' dir='ltr'>rh.</span> <span class='ocrx_word' id='word_1_93' title='bbox 936 1461 1064 1549; x_wconf 88' lang='lat' dir='ltr'>XLI.).</span> <span class='ocrx_word' id='word_1_94' title='bbox 1094 1461 1136 1528; x_wconf 92' lang='lat' dir='ltr'>In</span> <span class='ocrx_word' id='word_1_95' title='bbox 1162 1463 1279 1530; x_wconf 87' lang='lat' dir='ltr'>cadem</span> 
     </span>
     <span class='ocr_line' id='line_1_13' title="bbox 105 1568 1280 1660; baseline -0.001 -22"><span class='ocrx_word' id='word_1_96' title='bbox 105 1571 219 1660; x_wconf 84' lang='lat' dir='ltr'>igitur</span> <span class='ocrx_word' id='word_1_97' title='bbox 243 1575 373 1638; x_wconf 91' lang='lat' dir='ltr'>natura</span> <span class='ocrx_word' id='word_1_98' title='bbox 396 1578 576 1660; x_wconf 89' lang='lat' dir='ltr'>assumpta</span> <span class='ocrx_word' id='word_1_99' title='bbox 600 1569 765 1639; x_wconf 85' lang='lat' dir='ltr'>Christus</span> <span class='ocrx_word' id='word_1_100' title='bbox 789 1569 888 1638; x_wconf 91' lang='lat' dir='ltr'>homo</span> <span class='ocrx_word' id='word_1_101' title='bbox 912 1571 1042 1638; x_wconf 90' lang='lat' dir='ltr'>missus</span> <span class='ocrx_word' id='word_1_102' title='bbox 1078 1569 1212 1639; x_wconf 87' lang='lat' dir='ltr'>dicitur</span> <span class='ocrx_word' id='word_1_103' title='bbox 1236 1568 1280 1637; x_wconf 90' lang='lat' dir='ltr'>ad</span> 
     </span>
     <span class='ocr_line' id='line_1_14' title="bbox 105 1677 1280 1769; baseline 0.002 -24"><span class='ocrx_word' id='word_1_104' title='bbox 105 1679 383 1746; x_wconf 89' lang='lat' dir='ltr'>annuntiandum</span> <span class='ocrx_word' id='word_1_105' title='bbox 407 1678 613 1746; x_wconf 80' lang='lat' dir='ltr'>mansuetis,</span> <span class='ocrx_word' id='word_1_106' title='bbox 635 1678 762 1746; x_wconf 70' lang='lat' dir='ltr'>«Bene</span> <span class='ocrx_word' id='word_1_107' title='bbox 785 1700 886 1766; x_wconf 79' lang='lat' dir='ltr'>saper</span> <span class='ocrx_word' id='word_1_108' title='bbox 916 1701 966 1744; x_wconf 84' lang='lat' dir='ltr'>mc</span> <span class='ocrx_word' id='word_1_109' title='bbox 988 1677 1100 1762; x_wconf 88' lang='lat' dir='ltr'>dixit,</span> <span class='ocrx_word' id='word_1_110' title='bbox 1131 1679 1215 1769; x_wconf 93' lang='lat' dir='ltr'>quia</span> <span class='ocrx_word' id='word_1_111' title='bbox 1239 1683 1280 1747; x_wconf 89' lang='lat' dir='ltr'>ut</span> 
     </span>
     <span class='ocr_line' id='line_1_15' title="bbox 106 1785 1281 1878; baseline 0.001 -24"><span class='ocrx_word' id='word_1_112' title='bbox 106 1788 201 1854; x_wconf 90' lang='lat' dir='ltr'>filius</span> <span class='ocrx_word' id='word_1_113' title='bbox 236 1786 386 1854; x_wconf 85' lang='lat' dir='ltr'>hominis</span> <span class='ocrx_word' id='word_1_114' title='bbox 425 1785 656 1878; x_wconf 80' lang='lat' dir='ltr'>loquebatur3</span> <span class='ocrx_word' id='word_1_115' title='bbox 688 1786 789 1878; x_wconf 91' lang='lat' dir='ltr'>quasi</span> <span class='ocrx_word' id='word_1_116' title='bbox 823 1787 919 1854; x_wconf 85' lang='lat' dir='ltr'>filius</span> <span class='ocrx_word' id='word_1_117' title='bbox 942 1786 1034 1854; x_wconf 90' lang='lat' dir='ltr'>enim</span> <span class='ocrx_word' id='word_1_118' title='bbox 1070 1787 1220 1854; x_wconf 89' lang='lat' dir='ltr'>hominis</span> <span class='ocrx_word' id='word_1_119' title='bbox 1244 1792 1281 1855; x_wconf 88' lang='lat' dir='ltr'>et</span> 
     </span>
     <span class='ocr_line' id='line_1_16' title="bbox 106 1894 1278 1984; baseline 0 -22"><span class='ocrx_word' id='word_1_120' title='bbox 106 1904 232 1963; x_wconf 84' lang='lat' dir='ltr'>unctus</span> <span class='ocrx_word' id='word_1_121' title='bbox 258 1901 294 1963; x_wconf 88' lang='lat' dir='ltr'>et</span> <span class='ocrx_word' id='word_1_122' title='bbox 310 1894 438 1962; x_wconf 85' lang='lat' dir='ltr'>missus</span> <span class='ocrx_word' id='word_1_123' title='bbox 454 1897 565 1963; x_wconf 89' lang='lat' dir='ltr'>estad</span> <span class='ocrx_word' id='word_1_124' title='bbox 582 1895 803 1983; x_wconf 83' lang='lat' dir='ltr'>evangelium</span> <span class='ocrx_word' id='word_1_125' title='bbox 821 1894 1090 1984; x_wconf 87' lang='lat' dir='ltr'>praedicandum</span> <span class='ocrx_word' id='word_1_126' title='bbox 1111 1920 1127 1956; x_wconf 80' lang='lat' dir='ltr'><em>n</em></span> <span class='ocrx_word' id='word_1_127' title='bbox 1148 1917 1176 1962; x_wconf 89' lang='lat' dir='ltr'>s.</span> <span class='ocrx_word' id='word_1_128' title='bbox 1196 1897 1278 1962; x_wconf 87' lang='lat' dir='ltr'>Am·</span> 
     </span>
     <span class='ocr_line' id='line_1_17' title="bbox 108 2001 1279 2092; baseline 0.001 -22"><span class='ocrx_word' id='word_1_129' title='bbox 108 2003 198 2070; x_wconf 76' lang='lat' dir='ltr'>bros·</span> <span class='ocrx_word' id='word_1_130' title='bbox 217 2002 259 2070; x_wconf 92' lang='lat' dir='ltr'>de</span> <span class='ocrx_word' id='word_1_131' title='bbox 283 2001 376 2092; x_wconf 89' lang='lat' dir='ltr'>Spir.</span> <span class='ocrx_word' id='word_1_132' title='bbox 397 2002 434 2069; x_wconf 91' lang='lat' dir='ltr'>S.</span> <span class='ocrx_word' id='word_1_133' title='bbox 455 2001 724 2071; x_wconf 80' lang='lat' dir='ltr'>1.111.c.1.n.</span> <span class='ocrx_word' id='word_1_134' title='bbox 749 2002 782 2070; x_wconf 82' lang='lat'>2.</span> <span class='ocrx_word' id='word_1_135' title='bbox 812 2003 908 2071; x_wconf 87' lang='lat' dir='ltr'>Haeo</span> <span class='ocrx_word' id='word_1_136' title='bbox 932 2001 1051 2068; x_wconf 89' lang='lat' dir='ltr'>missio</span> <span class='ocrx_word' id='word_1_137' title='bbox 1075 2002 1210 2072; x_wconf 85' lang='lat' dir='ltr'>Christi</span> <span class='ocrx_word' id='word_1_138' title='bbox 1235 2003 1279 2071; x_wconf 93' lang='lat' dir='ltr'>ad</span> 
     </span>
     <span class='ocr_line' id='line_1_18' title="bbox 108 2110 1277 2204; baseline -0.003 -22"><span class='ocrx_word' id='word_1_139' title='bbox 108 2136 209 2204; x_wconf 88' lang='lat' dir='ltr'>opera</span> <span class='ocrx_word' id='word_1_140' title='bbox 233 2113 483 2202; x_wconf 85' lang='lat' dir='ltr'>redemptionis</span> <span class='ocrx_word' id='word_1_141' title='bbox 505 2120 579 2181; x_wconf 89' lang='lat' dir='ltr'>tum</span> <span class='ocrx_word' id='word_1_142' title='bbox 604 2135 646 2180; x_wconf 80' lang='lat' dir='ltr'>ex</span> <span class='ocrx_word' id='word_1_143' title='bbox 670 2112 734 2180; x_wconf 93' lang='lat' dir='ltr'>hoc</span> <span class='ocrx_word' id='word_1_144' title='bbox 758 2110 832 2179; x_wconf 91' lang='lat' dir='ltr'>loco</span> <span class='ocrx_word' id='word_1_145' title='bbox 867 2117 942 2178; x_wconf 90' lang='lat' dir='ltr'>tum</span> <span class='ocrx_word' id='word_1_146' title='bbox 967 2110 1111 2180; x_wconf 79' lang='lat' dir='ltr'>aliunde</span> <span class='ocrx_word' id='word_1_147' title='bbox 1142 2113 1277 2180; x_wconf 90' lang='lat' dir='ltr'>demon·</span> 
     </span>
     <span class='ocr_line' id='line_1_19' title="bbox 108 2219 1278 2311; baseline -0.003 -21"><span class='ocrx_word' id='word_1_148' title='bbox 108 2229 243 2290; x_wconf 89' lang='lat' dir='ltr'>stratur</span> <span class='ocrx_word' id='word_1_149' title='bbox 267 2244 337 2289; x_wconf 91' lang='lat' dir='ltr'>non</span> <span class='ocrx_word' id='word_1_150' title='bbox 359 2221 542 2289; x_wconf 90' lang='lat' dir='ltr'>minusad</span> <span class='ocrx_word' id='word_1_151' title='bbox 567 2220 739 2310; x_wconf 90' lang='lat' dir='ltr'>Spiritum</span> <span class='ocrx_word' id='word_1_152' title='bbox 757 2220 922 2287; x_wconf 88' lang='lat' dir='ltr'>Sanctum</span> <span class='ocrx_word' id='word_1_153' title='bbox 948 2242 1050 2311; x_wconf 91' lang='lat' dir='ltr'>quam</span> <span class='ocrx_word' id='word_1_154' title='bbox 1069 2219 1113 2288; x_wconf 87' lang='lat' dir='ltr'>ad</span> <span class='ocrx_word' id='word_1_155' title='bbox 1137 2220 1278 2288; x_wconf 89' lang='lat' dir='ltr'>Patrem</span> 
     </span>
     <span class='ocr_line' id='line_1_20' title="bbox 107 2325 1279 2419; baseline 0 -23"><span class='ocrx_word' id='word_1_156' title='bbox 107 2329 291 2419; x_wconf 87' lang='lat' dir='ltr'>pertinere;</span> <span class='ocrx_word' id='word_1_157' title='bbox 310 2351 351 2396; x_wconf 88' lang='lat' dir='ltr'>ea</span> <span class='ocrx_word' id='word_1_158' title='bbox 373 2328 464 2396; x_wconf 88' lang='lat' dir='ltr'>enim</span> <span class='ocrx_word' id='word_1_159' title='bbox 488 2350 556 2394; x_wconf 90' lang='lat' dir='ltr'>non</span> <span class='ocrx_word' id='word_1_160' title='bbox 580 2336 634 2395; x_wconf 90' lang='lat' dir='ltr'>est</span> <span class='ocrx_word' id='word_1_161' title='bbox 657 2327 794 2394; x_wconf 87' lang='lat' dir='ltr'>ratione</span> <span class='ocrx_word' id='word_1_162' title='bbox 818 2325 1051 2415; x_wconf 80' lang='lat' dir='ltr'>processionis</span> <span class='ocrx_word' id='word_1_163' title='bbox 1075 2349 1279 2416; x_wconf 89' lang='lat' dir='ltr'>personaea</span> 
     </span>
     <span class='ocr_line' id='line_1_21' title="bbox 108 2434 1278 2526; baseline 0 -22"><span class='ocrx_word' id='word_1_164' title='bbox 108 2460 264 2526; x_wconf 83' lang='lat' dir='ltr'>persona,</span> <span class='ocrx_word' id='word_1_165' title='bbox 284 2437 343 2504; x_wconf 81' lang='lat' dir='ltr'>sed</span> <span class='ocrx_word' id='word_1_166' title='bbox 367 2437 502 2503; x_wconf 85' lang='lat' dir='ltr'>ratione</span> <span class='ocrx_word' id='word_1_167' title='bbox 520 2436 705 2523; x_wconf 79' lang='lat' dir='ltr'>inferioris</span> <span class='ocrx_word' id='word_1_168' title='bbox 729 2448 876 2500; x_wconf 80' lang='lat' dir='ltr'>naturae</span> <span class='ocrx_word' id='word_1_169' title='bbox 900 2435 1079 2503; x_wconf 76' lang='lat' dir='ltr'>humanae.</span> <span class='ocrx_word' id='word_1_170' title='bbox 1098 2434 1157 2504; x_wconf 82' lang='lat' dir='ltr'>Ite</span> <span class='ocrx_word' id='word_1_171' title='bbox 1172 2437 1278 2504; x_wconf 87' lang='lat' dir='ltr'>etiam</span> 
     </span>
     <span class='ocr_line' id='line_1_22' title="bbox 108 2542 1277 2633; baseline 0.001 -22"><span class='ocrx_word' id='word_1_172' title='bbox 108 2545 208 2612; x_wconf 88' lang='lat' dir='ltr'>initio</span> <span class='ocrx_word' id='word_1_173' title='bbox 232 2543 387 2612; x_wconf 88' lang='lat' dir='ltr'>eiusdem</span> <span class='ocrx_word' id='word_1_174' title='bbox 411 2544 539 2633; x_wconf 89' lang='lat' dir='ltr'>capitis</span> <span class='ocrx_word' id='word_1_175' title='bbox 556 2566 658 2633; x_wconf 91' lang='lat' dir='ltr'>penes</span> <span class='ocrx_word' id='word_1_176' title='bbox 681 2544 812 2611; x_wconf 86' lang='lat' dir='ltr'>Lucam</span> <span class='ocrx_word' id='word_1_177' title='bbox 829 2542 977 2631; x_wconf 85' lang='lat' dir='ltr'>legitur:</span> <span class='ocrx_word' id='word_1_178' title='bbox 998 2571 1015 2607; x_wconf 78' lang='lat' dir='ltr'>e</span> <span class='ocrx_word' id='word_1_179' title='bbox 1034 2544 1134 2611; x_wconf 92' lang='lat' dir='ltr'>Iesus</span> <span class='ocrx_word' id='word_1_180' title='bbox 1150 2543 1277 2633; x_wconf 91' lang='lat' dir='ltr'>plenus</span> 
     </span>
     <span class='ocr_line' id='line_1_23' title="bbox 110 2651 1276 2742; baseline -0.003 -23"><span class='ocrx_word' id='word_1_181' title='bbox 110 2652 245 2742; x_wconf 86' lang='lat' dir='ltr'>Spiritu</span> <span class='ocrx_word' id='word_1_182' title='bbox 270 2651 399 2725; x_wconf 87' lang='lat' dir='ltr'>Sancto</span> <span class='ocrx_word' id='word_1_183' title='bbox 423 2673 605 2740; x_wconf 85' lang='lat' dir='ltr'>regressus</span> <span class='ocrx_word' id='word_1_184' title='bbox 621 2659 675 2718; x_wconf 86' lang='lat' dir='ltr'>est</span> <span class='ocrx_word' id='word_1_185' title='bbox 698 2672 719 2718; x_wconf 89' lang='lat' dir='ltr'>a</span> <span class='ocrx_word' id='word_1_186' title='bbox 743 2651 902 2736; x_wconf 88' lang='lat' dir='ltr'>Iordane,</span> <span class='ocrx_word' id='word_1_187' title='bbox 921 2665 954 2717; x_wconf 85' lang='lat' dir='ltr'>et</span> <span class='ocrx_word' id='word_1_188' title='bbox 969 2652 1137 2741; x_wconf 76' lang='lat' dir='ltr'>aqcbatar</span> <span class='ocrx_word' id='word_1_189' title='bbox 1160 2676 1181 2716; x_wconf 88' lang='lat' dir='ltr'>a</span> <span class='ocrx_word' id='word_1_190' title='bbox 1199 2653 1276 2740; x_wconf 78' lang='lat' dir='ltr'>Spi-</span> 
     </span>
     <span class='ocr_line' id='line_1_24' title="bbox 109 2758 1275 2848; baseline 0.001 -24"><span class='ocrx_word' id='word_1_191' title='bbox 109 2764 179 2826; x_wconf 83' lang='lat' dir='ltr'>rr’ta</span> <span class='ocrx_word' id='word_1_192' title='bbox 203 2763 241 2826; x_wconf 79' lang='lat' dir='ltr'>in</span> <span class='ocrx_word' id='word_1_193' title='bbox 267 2758 466 2826; x_wconf 75' lang='lat' dir='ltr'>descrecere</span> <span class='ocrx_word' id='word_1_194' title='bbox 496 2760 583 2827; x_wconf 85' lang='lat' dir='ltr'>Luc.</span> <span class='ocrx_word' id='word_1_195' title='bbox 603 2759 667 2829; x_wconf 90' lang='lat' dir='ltr'>IV.</span> <span class='ocrx_word' id='word_1_196' title='bbox 699 2759 732 2846; x_wconf 86' lang='lat'>1;</span> <span class='ocrx_word' id='word_1_197' title='bbox 751 2766 820 2828; x_wconf 77' lang='lat' dir='ltr'>ets</span> <span class='ocrx_word' id='word_1_198' title='bbox 849 2781 1013 2848; x_wconf 87' lang='lat' dir='ltr'>egressus</span> <span class='ocrx_word' id='word_1_199' title='bbox 1036 2766 1091 2829; x_wconf 88' lang='lat' dir='ltr'>est</span> <span class='ocrx_word' id='word_1_200' title='bbox 1112 2760 1213 2828; x_wconf 88' lang='lat' dir='ltr'>Iesus</span> <span class='ocrx_word' id='word_1_201' title='bbox 1237 2760 1275 2826; x_wconf 91' lang='lat' dir='ltr'>in</span> 
     </span>
     <span class='ocr_line' id='line_1_25' title="bbox 110 2866 1277 2957; baseline -0.003 -20"><span class='ocrx_word' id='word_1_202' title='bbox 110 2870 244 2937; x_wconf 80' lang='lat' dir='ltr'>virtuto</span> <span class='ocrx_word' id='word_1_203' title='bbox 270 2867 427 2956; x_wconf 83' lang='lat' dir='ltr'>Spiritus</span> <span class='ocrx_word' id='word_1_204' title='bbox 451 2867 487 2934; x_wconf 90' lang='lat' dir='ltr'>in</span> <span class='ocrx_word' id='word_1_205' title='bbox 512 2866 739 2935; x_wconf 82' lang='lat' dir='ltr'>Galilaeama</span> <span class='ocrx_word' id='word_1_206' title='bbox 766 2867 813 2934; x_wconf 92' lang='lat' dir='ltr'>ih.</span> <span class='ocrx_word' id='word_1_207' title='bbox 843 2866 899 2954; x_wconf 73' lang='lat'>143</span> <span class='ocrx_word' id='word_1_208' title='bbox 925 2875 961 2934; x_wconf 88' lang='lat' dir='ltr'>et</span> <span class='ocrx_word' id='word_1_209' title='bbox 984 2867 1020 2935; x_wconf 93' lang='lat' dir='ltr'>in</span> <span class='ocrx_word' id='word_1_210' title='bbox 1044 2867 1185 2957; x_wconf 79' lang='lat' dir='ltr'>Spiritu</span> <span class='ocrx_word' id='word_1_211' title='bbox 1209 2867 1277 2934; x_wconf 90' lang='lat' dir='ltr'>Dei</span> 
     </span>
     <span class='ocr_line' id='line_1_26' title="bbox 111 2973 1279 3063; baseline -0.004 -18"><span class='ocrx_word' id='word_1_212' title='bbox 111 2978 269 3046; x_wconf 83' lang='lat' dir='ltr'>eliciebat</span> <span class='ocrx_word' id='word_1_213' title='bbox 291 2977 471 3045; x_wconf 89' lang='lat' dir='ltr'>daemonia</span> <span class='ocrx_word' id='word_1_214' title='bbox 494 2977 621 3044; x_wconf 87' lang='lat' dir='ltr'>Matth.</span> <span class='ocrx_word' id='word_1_215' title='bbox 641 2976 725 3045; x_wconf 85' lang='lat' dir='ltr'>XII.</span> <span class='ocrx_word' id='word_1_216' title='bbox 745 2977 802 3063; x_wconf 77' lang='lat'>283</span> <span class='ocrx_word' id='word_1_217' title='bbox 821 2982 856 3044; x_wconf 91' lang='lat' dir='ltr'>et</span> <span class='ocrx_word' id='word_1_218' title='bbox 881 2976 1031 3044; x_wconf 70' lang='lat' dir='ltr'>«Iesum</span> <span class='ocrx_word' id='word_1_219' title='bbox 1055 2997 1076 3042; x_wconf 92' lang='lat' dir='ltr'>a</span> <span class='ocrx_word' id='word_1_220' title='bbox 1098 2973 1279 3045; x_wconf 83' lang='lat' dir='ltr'>Nazareth</span> 
     </span>
     <span class='ocr_line' id='line_1_27' title="bbox 111 3082 1279 3173; baseline -0.002 -21"><span class='ocrx_word' id='word_1_221' title='bbox 111 3087 211 3153; x_wconf 86' lang='lat' dir='ltr'>unxit</span> <span class='ocrx_word' id='word_1_222' title='bbox 234 3086 330 3153; x_wconf 89' lang='lat' dir='ltr'>Deus</span> <span class='ocrx_word' id='word_1_223' title='bbox 354 3084 492 3173; x_wconf 85' lang='lat' dir='ltr'>Spiritu</span> <span class='ocrx_word' id='word_1_224' title='bbox 517 3084 644 3153; x_wconf 88' lang='lat' dir='ltr'>Sancto</span> <span class='ocrx_word' id='word_1_225' title='bbox 661 3090 697 3152; x_wconf 90' lang='lat' dir='ltr'>et</span> <span class='ocrx_word' id='word_1_226' title='bbox 721 3084 858 3153; x_wconf 87' lang='lat' dir='ltr'>virtute</span> <span class='ocrx_word' id='word_1_227' title='bbox 876 3110 892 3145; x_wconf 82' lang='lat' dir='ltr'><em>n</em></span> <span class='ocrx_word' id='word_1_228' title='bbox 910 3082 992 3151; x_wconf 90' lang='lat' dir='ltr'>Act.</span> <span class='ocrx_word' id='word_1_229' title='bbox 1007 3082 1052 3150; x_wconf 91' lang='lat' dir='ltr'>X.</span> <span class='ocrx_word' id='word_1_230' title='bbox 1072 3082 1129 3150; x_wconf 81' lang='lat'>38.</span> <span class='ocrx_word' id='word_1_231' title='bbox 1150 3082 1279 3150; x_wconf 70' lang='lat' dir='ltr'>«Haec</span> 
     </span>
     <span class='ocr_line' id='line_1_28' title="bbox 112 3190 1280 3281; baseline -0.003 -19"><span class='ocrx_word' id='word_1_232' title='bbox 112 3201 222 3263; x_wconf 84' lang='lat' dir='ltr'>autern</span> <span class='ocrx_word' id='word_1_233' title='bbox 247 3192 316 3280; x_wconf 83' lang='lat' dir='ltr'>(ait</span> <span class='ocrx_word' id='word_1_234' title='bbox 338 3193 513 3281; x_wconf 87' lang='lat' dir='ltr'>Didymus</span> <span class='ocrx_word' id='word_1_235' title='bbox 529 3191 709 3281; x_wconf 80' lang='lat' dir='ltr'>explicans</span> <span class='ocrx_word' id='word_1_236' title='bbox 732 3193 846 3260; x_wconf 89' lang='lat' dir='ltr'>eadem</span> <span class='ocrx_word' id='word_1_237' title='bbox 866 3190 943 3259; x_wconf 89' lang='lat' dir='ltr'>loca</span> <span class='ocrx_word' id='word_1_238' title='bbox 967 3190 1189 3279; x_wconf 89' lang='lat' dir='ltr'>Scripturae)</span> <span class='ocrx_word' id='word_1_239' title='bbox 1203 3190 1280 3258; x_wconf 89' lang='lat' dir='ltr'>abs-</span> 
     </span>
    </p>
   </div>
   <div class='ocr_carea' id='block_1_2' title="bbox 111 3298 1276 3393">
    <p class='ocr_par' dir='ltr' id='par_1_2' title="bbox 111 3298 1276 3393">
     <span class='ocr_line' id='line_1_29' title="bbox 111 3298 1276 3393; baseline -0.003 -23"><span class='ocrx_word' id='word_1_240' title='bbox 111 3325 171 3393; x_wconf 86' lang='lat' dir='ltr'>que</span> <span class='ocrx_word' id='word_1_241' title='bbox 196 3300 273 3370; x_wconf 94' lang='lat' dir='ltr'>ulla</span> <span class='ocrx_word' id='word_1_242' title='bbox 295 3300 470 3369; x_wconf 86' lang='lat' dir='ltr'>calumnia</span> <span class='ocrx_word' id='word_1_243' title='bbox 486 3299 527 3366; x_wconf 78' lang='lat' dir='ltr'>de</span> <span class='ocrx_word' id='word_1_244' title='bbox 542 3300 720 3366; x_wconf 77' lang='lat' dir='ltr'>Dominieo</span> <span class='ocrx_word' id='word_1_245' title='bbox 738 3301 883 3382; x_wconf 78' lang='lat' dir='ltr'>homine,</span> <span class='ocrx_word' id='word_1_246' title='bbox 902 3306 963 3390; x_wconf 85' lang='lat' dir='ltr'>qui</span> <span class='ocrx_word' id='word_1_247' title='bbox 980 3306 1077 3368; x_wconf 87' lang='lat' dir='ltr'>totus</span> <span class='ocrx_word' id='word_1_248' title='bbox 1100 3298 1276 3384; x_wconf 83' lang='lat' dir='ltr'>Christus,</span> 
     </span>
    </p>
   </div>
   <div class='ocr_carea' id='block_1_3' title="bbox 110 3481 1282 4440">
    <p class='ocr_par' dir='ltr' id='par_1_3' title="bbox 111 3481 1280 3820">
     <span class='ocr_line' id='line_1_30' title="bbox 111 3481 1276 3551; baseline -0.006 -11"><span class='ocrx_word' id='word_1_249' title='bbox 111 3490 288 3540; x_wconf 84' lang='lat' dir='ltr'>revocaretur</span> <span class='ocrx_word' id='word_1_250' title='bbox 302 3485 338 3539; x_wconf 90' lang='lat' dir='ltr'>ad</span> <span class='ocrx_word' id='word_1_251' title='bbox 352 3484 435 3551; x_wconf 92' lang='lat' dir='ltr'>illud,</span> <span class='ocrx_word' id='word_1_252' title='bbox 447 3484 519 3550; x_wconf 91' lang='lat' dir='ltr'>quod</span> <span class='ocrx_word' id='word_1_253' title='bbox 533 3483 690 3549; x_wconf 80' lang='lat' dir='ltr'>Dionysius</span> <span class='ocrx_word' id='word_1_254' title='bbox 703 3481 918 3535; x_wconf 80' lang='lat' dir='ltr'>Alexandrinus</span> <span class='ocrx_word' id='word_1_255' title='bbox 934 3485 963 3534; x_wconf 88' lang='lat' dir='ltr'>et</span> <span class='ocrx_word' id='word_1_256' title='bbox 975 3481 1153 3535; x_wconf 82' lang='lat' dir='ltr'>Athanasius</span> <span class='ocrx_word' id='word_1_257' title='bbox 1167 3481 1276 3535; x_wconf 88' lang='lat' dir='ltr'>dicunt:</span> 
     </span>
     <span class='ocr_line' id='line_1_31' title="bbox 114 3569 1280 3642; baseline -0.006 -12"><span class='ocrx_word' id='word_1_258' title='bbox 114 3595 123 3622; x_wconf 74' lang='lat' dir='ltr'><strong><em>a</em></strong></span> <span class='ocrx_word' id='word_1_259' title='bbox 137 3576 264 3642; x_wconf 90' lang='lat' dir='ltr'>Spiritus</span> <span class='ocrx_word' id='word_1_260' title='bbox 274 3576 394 3629; x_wconf 86' lang='lat' dir='ltr'>Sanctus</span> <span class='ocrx_word' id='word_1_261' title='bbox 409 3588 518 3639; x_wconf 89' lang='lat' dir='ltr'>semper</span> <span class='ocrx_word' id='word_1_262' title='bbox 533 3576 578 3625; x_wconf 91' lang='lat' dir='ltr'>est</span> <span class='ocrx_word' id='word_1_263' title='bbox 590 3572 621 3623; x_wconf 91' lang='lat' dir='ltr'>in</span> <span class='ocrx_word' id='word_1_264' title='bbox 634 3573 764 3624; x_wconf 89' lang='lat' dir='ltr'>manibus</span> <span class='ocrx_word' id='word_1_265' title='bbox 783 3571 879 3623; x_wconf 78' lang='lat' dir='ltr'>Patria</span> <span class='ocrx_word' id='word_1_266' title='bbox 892 3569 1029 3625; x_wconf 78' lang='lat' dir='ltr'>mittentia</span> <span class='ocrx_word' id='word_1_267' title='bbox 1042 3575 1071 3624; x_wconf 88' lang='lat' dir='ltr'>et</span> <span class='ocrx_word' id='word_1_268' title='bbox 1092 3570 1167 3622; x_wconf 77' lang='lat' dir='ltr'>Filii</span> <span class='ocrx_word' id='word_1_269' title='bbox 1180 3571 1280 3638; x_wconf 80' lang='lat' dir='ltr'>sersa-</span> 
     </span>
     <span class='ocr_line' id='line_1_32' title="bbox 112 3661 1280 3737; baseline 0.001 -23"><span class='ocrx_word' id='word_1_270' title='bbox 112 3666 142 3718; x_wconf 78' lang='lat' dir='ltr'>u‘e</span> <span class='ocrx_word' id='word_1_271' title='bbox 156 3687 168 3714; x_wconf 77' lang='lat' dir='ltr'><em>n</em></span> <span class='ocrx_word' id='word_1_272' title='bbox 184 3665 266 3737; x_wconf 88' lang='lat' dir='ltr'>(vide</span> <span class='ocrx_word' id='word_1_273' title='bbox 285 3665 336 3717; x_wconf 85' lang='lat' dir='ltr'>eit.</span> <span class='ocrx_word' id='word_1_274' title='bbox 351 3665 381 3716; x_wconf 89' lang='lat' dir='ltr'>in</span> <span class='ocrx_word' id='word_1_275' title='bbox 401 3665 453 3718; x_wconf 78' lang='lat' dir='ltr'>rh.</span> <span class='ocrx_word' id='word_1_276' title='bbox 469 3661 616 3732; x_wconf 85' lang='lat' dir='ltr'>XXXV.);</span> <span class='ocrx_word' id='word_1_277' title='bbox 632 3663 728 3729; x_wconf 87' lang='lat' dir='ltr'>sicque</span> <span class='ocrx_word' id='word_1_278' title='bbox 746 3662 839 3731; x_wconf 88' lang='lat' dir='ltr'>ipsam</span> <span class='ocrx_word' id='word_1_279' title='bbox 858 3661 1066 3728; x_wconf 85' lang='lat' dir='ltr'>processionem</span> <span class='ocrx_word' id='word_1_280' title='bbox 1087 3676 1120 3713; x_wconf 85' lang='lat' dir='ltr'>ex</span> <span class='ocrx_word' id='word_1_281' title='bbox 1145 3662 1230 3714; x_wconf 86' lang='lat' dir='ltr'>Patre</span> <span class='ocrx_word' id='word_1_282' title='bbox 1250 3665 1280 3715; x_wconf 85' lang='lat' dir='ltr'>et</span> 
     </span>
     <span class='ocr_line' id='line_1_33' title="bbox 111 3755 1119 3820; baseline -0.005 -14"><span class='ocrx_word' id='word_1_283' title='bbox 111 3755 182 3808; x_wconf 79' lang='lat' dir='ltr'>Filio</span> <span class='ocrx_word' id='word_1_284' title='bbox 203 3755 362 3808; x_wconf 87' lang='lat' dir='ltr'>indicatam</span> <span class='ocrx_word' id='word_1_285' title='bbox 381 3770 495 3808; x_wconf 88' lang='lat' dir='ltr'>censere</span> <span class='ocrx_word' id='word_1_286' title='bbox 514 3756 668 3820; x_wconf 88' lang='lat' dir='ltr'>oporteret.</span> <span class='ocrx_word' id='word_1_287' title='bbox 1117 3808 1119 3813; x_wconf 39' lang='lat'>‚</span> 
     </span>
    </p>

    <p class='ocr_par' dir='ltr' id='par_1_4' title="bbox 110 3840 1282 4440">
     <span class='ocr_line' id='line_1_34' title="bbox 179 3840 1282 3920; baseline -0.004 -23"><span class='ocrx_word' id='word_1_288' title='bbox 179 3841 225 3920; x_wconf 91' lang='lat'>(1)</span> <span class='ocrx_word' id='word_1_289' title='bbox 248 3845 369 3911; x_wconf 73' lang='lat' dir='ltr'>«Neque</span> <span class='ocrx_word' id='word_1_290' title='bbox 389 3845 464 3896; x_wconf 89' lang='lat' dir='ltr'>enim</span> <span class='ocrx_word' id='word_1_291' title='bbox 486 3844 548 3895; x_wconf 85' lang='lat' dir='ltr'>sine</span> <span class='ocrx_word' id='word_1_292' title='bbox 568 3842 663 3907; x_wconf 78' lang='lat' dir='ltr'>gratia</span> <span class='ocrx_word' id='word_1_293' title='bbox 683 3842 810 3909; x_wconf 83' lang='lat' dir='ltr'>Spiritus</span> <span class='ocrx_word' id='word_1_294' title='bbox 829 3842 927 3896; x_wconf 86' lang='lat' dir='ltr'>Sancti</span> <span class='ocrx_word' id='word_1_295' title='bbox 953 3845 998 3894; x_wconf 88' lang='lat' dir='ltr'>est</span> <span class='ocrx_word' id='word_1_296' title='bbox 1016 3841 1157 3895; x_wconf 86' lang='lat' dir='ltr'>mediator</span> <span class='ocrx_word' id='word_1_297' title='bbox 1181 3840 1234 3894; x_wconf 88' lang='lat' dir='ltr'>Dei</span> <span class='ocrx_word' id='word_1_298' title='bbox 1253 3843 1282 3894; x_wconf 84' lang='lat' dir='ltr'>et</span> 
     </span>
     <span class='ocr_line' id='line_1_35' title="bbox 110 3931 1278 4000; baseline -0.003 -14"><span class='ocrx_word' id='word_1_299' title='bbox 110 3934 253 3988; x_wconf 86' lang='lat' dir='ltr'>hominnm</span> <span class='ocrx_word' id='word_1_300' title='bbox 272 3933 354 3985; x_wconf 88' lang='lat' dir='ltr'>homo</span> <span class='ocrx_word' id='word_1_301' title='bbox 374 3934 505 3988; x_wconf 81' lang='lat' dir='ltr'>Christus</span> <span class='ocrx_word' id='word_1_302' title='bbox 524 3936 618 3988; x_wconf 87' lang='lat' dir='ltr'>Jesus.</span> <span class='ocrx_word' id='word_1_303' title='bbox 633 3935 705 3987; x_wconf 80' lang='lat' dir='ltr'>Nam</span> <span class='ocrx_word' id='word_1_304' title='bbox 725 3939 753 3985; x_wconf 86' lang='lat' dir='ltr'>et</span> <span class='ocrx_word' id='word_1_305' title='bbox 773 3932 834 4000; x_wconf 90' lang='lat' dir='ltr'>ipse</span> <span class='ocrx_word' id='word_1_306' title='bbox 854 3931 927 3984; x_wconf 90' lang='lat' dir='ltr'>dicit</span> <span class='ocrx_word' id='word_1_307' title='bbox 946 3931 980 3983; x_wconf 92' lang='lat' dir='ltr'>de</span> <span class='ocrx_word' id='word_1_308' title='bbox 1000 3931 1137 3984; x_wconf 73' lang='lat' dir='ltr'>soluisse</span> <span class='ocrx_word' id='word_1_309' title='bbox 1157 3931 1278 3998; x_wconf 88' lang='lat' dir='ltr'>prophe-</span> 
     </span>
     <span class='ocr_line' id='line_1_36' title="bbox 111 4019 1280 4091; baseline -0.003 -17"><span class='ocrx_word' id='word_1_310' title='bbox 111 4024 193 4078; x_wconf 88' lang='lat' dir='ltr'>ticum</span> <span class='ocrx_word' id='word_1_311' title='bbox 214 4023 288 4076; x_wconf 87' lang='lat' dir='ltr'>illud</span> <span class='ocrx_word' id='word_1_312' title='bbox 308 4023 465 4090; x_wconf 87' lang='lat' dir='ltr'>impletum:</span> <span class='ocrx_word' id='word_1_313' title='bbox 481 4025 607 4091; x_wconf 84' lang='lat' dir='ltr'>Spiritus</span> <span class='ocrx_word' id='word_1_314' title='bbox 626 4023 741 4076; x_wconf 88' lang='lat' dir='ltr'>Domini</span> <span class='ocrx_word' id='word_1_315' title='bbox 760 4037 844 4090; x_wconf 86' lang='lat' dir='ltr'>super</span> <span class='ocrx_word' id='word_1_316' title='bbox 864 4039 924 4085; x_wconf 88' lang='lat' dir='ltr'>me,</span> <span class='ocrx_word' id='word_1_317' title='bbox 949 4023 1067 4088; x_wconf 88' lang='lat' dir='ltr'>propter</span> <span class='ocrx_word' id='word_1_318' title='bbox 1094 4020 1168 4088; x_wconf 86' lang='lat' dir='ltr'>quod</span> <span class='ocrx_word' id='word_1_319' title='bbox 1195 4019 1280 4072; x_wconf 85' lang='lat' dir='ltr'>unxit</span> 
     </span>
     <span class='ocr_line' id='line_1_37' title="bbox 110 4111 1279 4184; baseline -0.004 -17"><span class='ocrx_word' id='word_1_320' title='bbox 110 4129 159 4184; x_wconf 72' lang='lat' dir='ltr'>pre,</span> <span class='ocrx_word' id='word_1_321' title='bbox 175 4113 379 4178; x_wconf 84' lang='lat' dir='ltr'>evangelizare</span> <span class='ocrx_word' id='word_1_322' title='bbox 398 4115 571 4181; x_wconf 87' lang='lat' dir='ltr'>pauperibus</span> <span class='ocrx_word' id='word_1_323' title='bbox 591 4113 670 4166; x_wconf 89' lang='lat' dir='ltr'>misit</span> <span class='ocrx_word' id='word_1_324' title='bbox 689 4129 741 4166; x_wconf 87' lang='lat' dir='ltr'>me.</span> <span class='ocrx_word' id='word_1_325' title='bbox 758 4111 838 4176; x_wconf 77' lang='lat' dir='ltr'>Quod</span> <span class='ocrx_word' id='word_1_326' title='bbox 853 4113 927 4163; x_wconf 86' lang='lat' dir='ltr'>enim</span> <span class='ocrx_word' id='word_1_327' title='bbox 941 4116 985 4163; x_wconf 86' lang='lat' dir='ltr'>est</span> <span class='ocrx_word' id='word_1_328' title='bbox 998 4111 1164 4176; x_wconf 80' lang='lat' dir='ltr'>unigenitus</span> <span class='ocrx_word' id='word_1_329' title='bbox 1178 4125 1279 4176; x_wconf 90' lang='lat' dir='ltr'>aequa·</span> 
     </span>
     <span class='ocr_line' id='line_1_38' title="bbox 111 4199 1278 4270; baseline -0.003 -17"><span class='ocrx_word' id='word_1_330' title='bbox 111 4202 145 4254; x_wconf 85' lang='lat' dir='ltr'>lis</span> <span class='ocrx_word' id='word_1_331' title='bbox 163 4202 257 4269; x_wconf 87' lang='lat' dir='ltr'>Patri,</span> <span class='ocrx_word' id='word_1_332' title='bbox 274 4217 330 4255; x_wconf 90' lang='lat' dir='ltr'>non</span> <span class='ocrx_word' id='word_1_333' title='bbox 351 4202 524 4268; x_wconf 83' lang='lat' dir='ltr'>ostgratiao</span> <span class='ocrx_word' id='word_1_334' title='bbox 544 4202 594 4257; x_wconf 87' lang='lat' dir='ltr'>scd</span> <span class='ocrx_word' id='word_1_335' title='bbox 613 4206 744 4270; x_wconf 87' lang='lat' dir='ltr'>naturae;</span> <span class='ocrx_word' id='word_1_336' title='bbox 766 4200 840 4269; x_wconf 90' lang='lat' dir='ltr'>qood</span> <span class='ocrx_word' id='word_1_337' title='bbox 860 4205 951 4253; x_wconf 88' lang='lat' dir='ltr'>autem</span> <span class='ocrx_word' id='word_1_338' title='bbox 971 4199 1001 4252; x_wconf 91' lang='lat' dir='ltr'>in</span> <span class='ocrx_word' id='word_1_339' title='bbox 1022 4201 1163 4253; x_wconf 87' lang='lat' dir='ltr'>unitatem</span> <span class='ocrx_word' id='word_1_340' title='bbox 1182 4214 1278 4266; x_wconf 88' lang='lat' dir='ltr'>perso·</span> 
     </span>
     <span class='ocr_line' id='line_1_39' title="bbox 112 4290 1276 4361; baseline 0 -19"><span class='ocrx_word' id='word_1_341' title='bbox 112 4306 159 4345; x_wconf 89' lang='lat' dir='ltr'>nae</span> <span class='ocrx_word' id='word_1_342' title='bbox 177 4291 327 4358; x_wconf 78' lang='lat' dir='ltr'>unigeniti</span> <span class='ocrx_word' id='word_1_343' title='bbox 346 4297 510 4360; x_wconf 89' lang='lat' dir='ltr'>assumptus</span> <span class='ocrx_word' id='word_1_344' title='bbox 530 4300 575 4347; x_wconf 87' lang='lat' dir='ltr'>est</span> <span class='ocrx_word' id='word_1_345' title='bbox 593 4293 684 4361; x_wconf 88' lang='lat' dir='ltr'>homo,</span> <span class='ocrx_word' id='word_1_346' title='bbox 699 4293 812 4358; x_wconf 79' lang='lat' dir='ltr'>gratiae</span> <span class='ocrx_word' id='word_1_347' title='bbox 825 4294 878 4360; x_wconf 86' lang='lat' dir='ltr'>est,</span> <span class='ocrx_word' id='word_1_348' title='bbox 894 4306 951 4345; x_wconf 88' lang='lat' dir='ltr'>uon</span> <span class='ocrx_word' id='word_1_349' title='bbox 964 4295 1084 4345; x_wconf 87' lang='lat' dir='ltr'>naturae</span> <span class='ocrx_word' id='word_1_350' title='bbox 1099 4312 1111 4340; x_wconf 81' lang='lat' dir='ltr'><em>n</em></span> <span class='ocrx_word' id='word_1_351' title='bbox 1124 4290 1276 4356; x_wconf 74' lang='lat' dir='ltr'>Angustia.</span> 
     </span>
     <span class='ocr_line' id='line_1_40' title="bbox 111 4380 450 4440; baseline 0.018 -8"><span class='ocrx_word' id='word_1_352' title='bbox 111 4380 139 4433; x_wconf 92' lang='lat' dir='ltr'>in</span> <span class='ocrx_word' id='word_1_353' title='bbox 156 4385 200 4437; x_wconf 88' lang='lat' dir='ltr'>Io.</span> <span class='ocrx_word' id='word_1_354' title='bbox 214 4385 303 4440; x_wconf 86' lang='lat' dir='ltr'>tract.</span> <span class='ocrx_word' id='word_1_355' title='bbox 318 4382 362 4438; x_wconf 81' lang='lat'>74.</span> <span class='ocrx_word' id='word_1_356' title='bbox 376 4397 407 4435; x_wconf 92' lang='lat' dir='ltr'>n.</span> <span class='ocrx_word' id='word_1_357' title='bbox 423 4382 450 4438; x_wconf 86' lang='grc'>3.</span> 
     </span>
    </p>
   </div>
   <div class='ocr_carea' id='block_1_4' title="bbox 0 0 1570 4988">
    <p class='ocr_par' dir='ltr' id='par_1_5' title="bbox 0 0 1570 4988">
     <span class='ocr_line' id='line_1_41' title="bbox 0 0 1570 4988; baseline 0 0"><span class='ocrx_word' id='word_1_358' title='bbox 0 0 1570 4988; x_wconf 95' lang='lat' dir='ltr'> </span> 
     </span>
    </p>
   </div>
  </div>
 </body>
</html>
