3120 4988
699 193 736 211 -
756 159 796 224 84
817 192 855 210 .-

191 269 388 362 pertinpera
407 281 529 357 potest,
556 272 593 338 et
616 268 652 338 id
687 268 776 339 seire
800 275 863 337 aut
886 269 999 340 sciens
1021 269 1162 340 credere
1192 270 1363 358 uoluerit,
1449 261 1451 264 Α

182 380 319 450 ¹salvus
342 400 499 447 essenon
524 381 650 466 potest;
671 404 687 439 a
706 400 746 447 ao
763 401 877 467 porro:
899 407 915 443 ιι
934 380 1102 449 nonlicet
1123 403 1191 448 non
1208 381 1364 466 credere,

198 490 355 581 quisquis
385 488 476 554 valet
499 486 544 552 ad
561 488 619 553 loe
635 491 872 576 pertinpere5n
891 488 1086 558 Photianus
1108 495 1228 558 noster
1251 490 1367 558 excla-

198 609 280 667 mat:
304 627 320 660 ι
339 597 508 687 quodnam
534 619 659 686 quaeso
684 596 748 664 hoc
770 597 895 684 dogma
929 605 984 666 est
1004 599 1088 668 novi
1112 597 1276 687 generis,
1306 598 1366 667 cui

197 730 265 775 non
289 728 404 774 omnes
428 705 623 773 consentire
647 705 859 773 teneantur?
879 733 894 768 r
914 707 965 792 (l)

264 815 379 884 Nolim
404 815 560 906 equidem
585 814 740 896 definire,
761 815 844 903 quid
868 815 904 882 in
928 819 1004 882 tota
1028 815 1093 884 hae
1116 814 1369 886 declamatione

198 922 412 1015 praevaleat,
432 942 656 988 numerasse
671 920 874 1008 ignorantia
897 921 1069 990 historiae
1084 929 1156 989 tarn
1180 944 1296 990 rerum
1313 945 1369 1010 ge-

199 1038 334 1101 starum
357 1051 460 1120 quam
486 1029 699 1116 dogmatum,
719 1050 763 1095 an
780 1053 862 1098 vero
887 1052 1014 1117 graeca
1031 1031 1130 1098 fraus
1152 1029 1364 1118 impostoris.

198 1139 310 1209 Obvia
333 1138 502 1225 inspectio
526 1136 695 1204 historiae
719 1138 870 1206 sufficiet
892 1139 937 1206 ad
960 1145 1069 1206 totam
1103 1137 1225 1207 molem
1254 1136 1368 1206 Maca

199 1247 335 1316 rianam
361 1245 622 1333 explodendam.

266 1356 457 1424 Monachus
481 1376 628 1444 graecus
651 1354 812 1441 Ioannes,
832 1378 931 1446 quem
946 1355 984 1423 in
1009 1356 1076 1425 Th.
1095 1354 1265 1424 XXXIX.
1283 1353 1369 1423 XLI

201 1465 490 1546 memoravimus,
518 1462 772 1552 Hierosolymis
807 1471 1035 1533 accusaverat
1066 1464 1213 1532 Latinos
1253 1485 1378 1546 omnes,

203 1603 219 1638 ι
238 1573 429 1654 haereseos,
448 1594 517 1662 qua
541 1572 650 1639 maior
666 1595 732 1639 non
757 1579 822 1654 est,
843 1599 859 1634 n
878 1572 968 1663 quod
993 1573 1029 1639 in
1047 1573 1203 1661 symbolo
1229 1573 1369 1659 profite-

200 1690 336 1766 rentur,
368 1681 541 1771 Spiritum
576 1681 743 1749 Sanctum
779 1704 820 1748 ex
845 1682 948 1750 Patre
971 1681 1133 1772 Filioque
1168 1682 1367 1771 procedere.

201 1790 362 1859 Monaohi
387 1812 507 1879 nempe
531 1789 637 1858 latini
655 1791 714 1881 qui
736 1791 772 1858 in
798 1798 912 1860 monte
930 1790 1062 1858 Oliveti
1082 1810 1122 1858 ex
1146 1791 1371 1861 concessione

201 1898 368 1989 Caliphae
391 1898 543 1965 Aaronis
565 1897 725 1966 Illustris
748 1899 886 1985 (Harum
910 1898 944 1964 al
974 1898 1141 1981 Rasohid)
1166 1899 1230 1966 sub
1254 1898 1382 1966 tutela.

202 2006 318 2078 Caroli
342 2005 389 2076 M.
406 2013 507 2080 erant
531 2006 728 2090 constituti,
747 2007 942 2094 symbolum
966 2029 1043 2074 oum
1059 2005 1292 2095 explicatione
1310 2008 1372 2073 Fi·

204 2116 319 2205 lioqae
341 2116 489 2182 recitare
513 2115 682 2197 solebant,
703 2123 743 2183 ut
767 2115 804 2182 in
827 2116 946 2203 regnis
970 2114 1095 2184 Caroli·
1110 2114 1201 2182 illud
1230 2114 1373 2183 cantari

203 2224 422 2291 audiverant.
442 2223 571 2294 Contra
596 2223 658 2291 hos
683 2223 796 2312 igitur
818 2223 966 2291 loannes
983 2223 1043 2290 ille
1068 2223 1142 2290 suis
1158 2222 1372 2292 clamoribus

203 2329 395 2398 concitavit
418 2330 538 2396 turbas
563 2352 700 2418 graves,
720 2331 847 2420 quibus
863 2331 985 2399 Latini
1009 2331 1046 2398 in
1063 2352 1189 2419 magna
1210 2329 1374 2420 pericula

203 2440 481 2507 coniiciebantur
505 2439 566 2526 (2).
599 2441 716 2520 Quare
739 2440 802 2524 hi,
834 2446 875 2507 ut
898 2440 1039 2528 ipsimet
1061 2450 1208 2508 narrant
1242 2441 1279 2508 iu
1305 2461 1381 2512 sua.

203 2546 364 2635 epistola,
384 2547 533 2635 primum
557 2548 696 2638 quidem
719 2549 989 2636 confugerunt«
1015 2548 1059 2616 ad
1083 2549 1289 2632 sacerdotes,
1310 2549 1374 2642 qui

204 2657 348 2728 suntin
372 2667 494 2724 sancta
517 2657 675 2740 civitate,
696 2683 712 2719 n
731 2657 775 2725 ad
800 2656 1035 2746 patriarcham
1059 2680 1178 2746 nempe
1205 2681 1373 2746 graecum

204 2767 348 2855 eiusque
364 2766 571 2835 sacerdotes.
590 2765 675 2834 Cum
694 2772 984 2855 protestarentur:
1006 2792 1021 2828 ι
1039 2787 1101 2832 nos
1119 2765 1169 2832 sic
1183 2765 1371 2851 credimus,

208 2873 373 2965 quomodo
398 2883 519 2941 sancta
537 2874 641 2942 Sedes
658 2874 861 2963 Apostolica
883 2873 1050 2954 Romana,
1067 2899 1083 2934 n
1103 2872 1229 2941 Graeci
1250 2902 1266 2937 ι
1285 2876 1375 2959 scri-

205 2991 352 3074 pserunt
375 2982 425 3052 eie
449 2981 607 3052 chartam
630 2981 724 3068 fidei,
745 3009 761 3046 n
780 2980 1019 3052 testimonium
1041 2981 1179 3050 seilicet
1212 2980 1296 3050 fidei
1320 3005 1374 3051 or·

274 3213 317 3292 (1)
338 3240 351 3268 ι
370 3223 474 3285 Dogne
493 3220 527 3275 de
547 3221 679 3275 nouvelle
703 3224 800 3288 espace
830 3234 882 3288 que
914 3222 979 3274 tout
1006 3218 1034 3270 le
1060 3217 1160 3272 mondo
1189 3217 1265 3274 n’cst
1290 3221 1385 3290 point

208 3310 302 3376 obligo
321 3310 501 3365 d'admottrei
520 3333 532 3360 n
549 3329 576 3379 p.
593 3312 656 3366 366.
1118 3353 1122 3362 ,

274 3397 318 3473 (2)
339 3420 351 3448 ι
372 3403 493 3453 loannes
511 3402 560 3466 qui
581 3403 638 3455 fuit
656 3400 689 3453 do
710 3401 882 3454 monasterio
901 3400 929 3454 S.
945 3401 1069 3457 Sabae...
1084 3401 1199 3456 levatus
1218 3404 1264 3455 est
1284 3418 1372 3470 super
1407 3395 1410 3398 ’

205 3507 256 3546 nos
269 3491 396 3559 dicendo,
406 3490 478 3558 quod
492 3491 594 3544 Franci
608 3493 655 3558 qui
669 3493 776 3545 suntin
789 3497 882 3544 monte
895 3494 1013 3559 Olivetl,
1025 3494 1163 3547 haeretici
1175 3499 1286 3560 suntet
1297 3496 1376 3551 dixit

93 3576 95 3581 ’
182 3581 374 3649 ’ποδίε,ᾳιιία
393 3597 488 3634 omnes
499 3582 602 3634 Franci
614 3581 750 3635 haeretici
763 3583 884 3649 estis;et
903 3585 1037 3649 reprobat
1056 3583 1137 3636 fldem
1153 3591 1289 3651 nostram,
1307 3584 1378 3652 quia

205 3689 260 3725 non
272 3678 317 3724 est
327 3673 417 3724 maior
427 3673 588 3726 haeresis...
604 3673 642 3724 at
654 3673 685 3725 in
700 3678 812 3726 tautum
826 3689 876 3726 nos
896 3673 1088 3741 conturbavit,
1100 3677 1132 3726 ut
1151 3674 1181 3726 in
1197 3673 1242 3727 dle
1256 3675 1373 3729 Natalis

207 3763 320 3816 Domini
339 3762 426 3834 (anno
445 3760 511 3835 808)
530 3766 560 3816 iu
579 3753 706 3817 sanctam
726 3765 872 3817 Bethleem
891 3765 921 3816 ln
943 3769 1041 3818 sancto
1057 3765 1238 3832 praesepio...
1256 3764 1374 3818 submit·

206 3858 283 3908 teret
304 3855 546 3922 homineslaieos,
576 3855 624 3924 qui
653 3870 704 3908 uos
733 3855 810 3909 foras
840 3857 978 3922 prolicere
1007 3858 1127 3924 vellent,
1153 3855 1271 3909 dicendo
1300 3854 1374 3923 quod

203 3945 345 4000 haeretici
365 3946 444 4011 estis,
461 3950 489 3997 et
509 3946 578 3999 libri
599 3963 668 4012 quos
684 3946 805 4012 habetis,
824 3945 961 4000 haeretici
976 3952 1090 4005 sunt...
1104 3949 1205 4015 Itaque
1217 3964 1268 4015 per
1283 3949 1377 4014 ipsum

118 4048 129 4063 ‘
160 4043 164 4051 '
206 4035 341 4087 Ioannem
360 4035 437 4086 facta
456 4040 500 4086 est
522 4036 604 4088 nobis
625 4035 744 4099 grandis
762 4036 889 4089 confusio
916 4036 945 4088 in
966 4043 1065 4092 saneta
1091 4039 1221 4105 civitate,
1242 4039 1376 4104 quonium

209 4121 289 4175 dicit:
305 4122 431 4188 Spiritus
450 4120 570 4176 Sanctus
591 4138 646 4175 nou
666 4122 793 4190 procedit
821 4139 839 4175 u
868 4126 955 4177 Patre
975 4130 1003 4178 et
1022 4126 1110 4178 Filio.
1126 4127 1162 4178 Et
1180 4125 1213 4177 de
1229 4124 1281 4178 hoo
1295 4126 1383 4178 misit

209 4212 343 4278 grandem
361 4227 484 4264 errorem
503 4228 552 4278 per
571 4214 665 4267 omnia
684 4213 867 4267 monasteria.
882 4234 895 4262 n
912 4215 1036 4281 Epistol.
1064 4217 1222 4270 monachor.
1242 4215 1280 4268 ad
1306 4216 1375 4270 Leo·

209 4317 272 4356 uem
299 4303 343 4354 111
373 4301 513 4376 (Loquieu
540 4302 665 4361 nlssert.
685 4303 850 4357 Damasoou.
880 4304 904 4357 1.
920 4319 950 4358 n.
966 4300 1024 4374 13.)
