3120 4988
683 394 721 408 —
741 359 797 426 301
821 374 858 410 -'-

192 467 302 538 fuisse
325 468 368 535 ab
391 467 595 557 Augustino
629 466 843 537 intellectam
866 462 902 536 et
937 466 1108 537 inclusam
1132 467 1168 535 in
1201 489 1265 538 sua
1288 470 1359 537 for·

190 557 331 644 mula'a
354 578 460 665 Putre
484 575 660 666 Filioque,
679 575 769 666 quod
794 598 874 644 sane
899 599 926 644 s.
957 575 1130 644 doctorem
1155 576 1282 667 ubique
1305 578 1360 645 in·

190 684 330 752 sulcare
354 683 522 752 vidimus.
550 683 645 772 Ergo
669 683 818 751 mutatio
847 706 968 753 sensus
1000 706 1101 775 quam
1131 684 1359 773 Augustinus

190 781 373 878 induxisse
397 791 542 876 dicitur,
559 814 627 859 non
642 798 757 880 potest
772 792 929 882 intelligi
952 795 990 860 in
1015 814 1054 861 eo
1070 813 1157 877 esse,
1177 781 1267 885 guod
1292 795 1359 862 for·

190 898 286 967 mula
305 927 322 962 c
338 897 579 967 traditionalis
604 922 660 963 ne
693 898 801 965 Patre
820 920 883 986 per
916 899 1048 966 Filium
1071 906 1108 966 et
1131 907 1212 968 ante
1235 898 1361 989 Augu-

191 1006 322 1075 atinum
354 1007 460 1096 etiam
493 1005 644 1074 ferurula
668 1030 689 1071 a
712 1008 819 1073 Putre
852 1007 1016 1097 Filioque
1043 1007 1265 1096 significaret
1294 1009 1360 1075 Pa-

190 1122 278 1209 trem
303 1113 513 1205 principium
538 1113 774 1203 primordiale,
792 1121 828 1183 et
842 1113 974 1182 Filium
993 1113 1151 1203 genitum
1176 1115 1359 1184 habentem

189 1214 337 1318 a'Patre
362 1223 533 1317 virtutem
546 1222 777 1310 spiratricem3
795 1222 860 1292 hoc
876 1223 968 1292 enim
984 1223 1099 1314 ipsum
1116 1224 1251 1291 fatente
1267 1223 1360 1290 Lan-

190 1330 292 1419 genio
316 1329 384 1397 sibi
408 1330 524 1399 voluit
546 1333 783 1419 Augustinus,
804 1331 840 1397 in
864 1352 928 1398 sua
949 1331 1101 1400 formula
1125 1332 1263 1415 docens,
1280 1330 1381 1418 Spin

191 1439 299 1504 ritum
323 1437 508 1526 procedere
532 1439 674 1528 aequali
689 1437 783 1504 modo
808 1439 951 1505 a'Patre
975 1436 1131 1505 stFilio.
1150 1436 1359 1526 Ergasilus

192 1543 307 1611 modus
330 1546 555 1632 processionis
578 1567 599 1611 a
621 1545 726 1613 Patre
748 1551 784 1613 et
818 1544 912 1612 alius
936 1566 957 1610 a
979 1544 1095 1629 Filio,
1126 1544 1186 1634 qui
1217 1549 1359 1613 auctore

180 1638 369 1746 ‘Langenio
393 1653 599 1722 credebatur
634 1660 715 1722 ente
747 1652 989 1743 Augustinum
1013 1659 1050 1721 et
1081 1654 1125 1720 ab
1155 1652 1359 1740 Augustino

191 1781 259 1826 non
282 1765 336 1827 est
359 1758 543 1844 admissus,
574 1759 768 1828 necessario
791 1753 1014 1847 intelligitur
1048 1759 1124 1824 clia
1148 1759 1297 1846 spiratio
1320 1761 1359 1823 in

194 1869 312 1948 Patre,
331 1872 367 1935 et
390 1867 466 1933 aliu
489 1869 527 1931 in
552 1867 661 1951 Filio,
678 1891 780 1960 quam
793 1866 946 1935 vidimus
963 1887 984 1932 a
1006 1866 1188 1956 Langenio
1204 1867 1276 1935 dici
1292 1866 1360 1935 ali·

191 1974 327 2065 quando
352 1975 659 2062 participationem
693 1974 917 2064 spirationis,
943 1973 1133 2065 aliquando
1170 1978 1359 2041 transitum
1396 2013 1398 2019 ι
1475 2060 1483 2077 Χ

189 2103 253 2170 per
278 2082 420 2150 Filium.
439 2081 600 2151 Nondum
624 2082 705 2150 finis
729 2083 882 2152 fabulae.
901 2084 986 2151 Post
1008 2091 1144 2152 tantam
1168 2087 1359 2175 ματαιολο-

193 2213 270 2283 γιαν
295 2190 337 2257 da
360 2190 561 2258 discrimine
590 2190 683 2258 inter
706 2213 867 2274 sensum,
898 2213 966 2282 quo
989 2191 1165 2280 processio
1191 2198 1267 2259 tum
1296 2213 1360 2278 per
1423 2221 1429 2247 2

196 2298 330 2365 Filium
353 2303 428 2365 tum
453 2323 474 2364 a
499 2299 594 2365 Filio
611 2302 692 2366 ante
715 2298 958 2387 Augustinum
974 2298 1157 2368 intellecta
1180 2300 1303 2383 fuerit,
1323 2305 1361 2368 et

172 2403 287 2472 inter
311 2429 448 2474 sensum
483 2406 591 2473 alium
616 2428 713 2496 quem
750 2407 976 2496 Augustinus
1005 2406 1188 2475 induxisse
1212 2406 1357 2490 dicitur,

191 2513 332 2580 tandem
356 2513 590 2597 concluditur,
610 2513 797 2582 discrimen
810 2515 874 2583 boc
897 2514 992 2583 inter
1009 2521 1195 2606 utrumque
1220 2536 1359 2582 sensum

196 2607 296 2686 anon
320 2642 393 2688 csse
417 2620 652 2690 essentiale.»
756 2664 759 2671 ·

258 2729 309 2796 At
331 2730 486 2819 profecto
509 2729 540 2797 si
564 2737 669 2797 antea
692 2731 900 2798 credebatur
918 2731 999 2795 'clia
1023 2729 1170 2819 spiratio
1193 2730 1230 2798 in
1254 2731 1360 2799 Patre

192 2835 268 2900 clia
291 2837 328 2902 in
350 2824 457 2920 Filio,
475 2834 560 2903 haec
584 2837 744 2904 doctrina
761 2836 815 2904 vel
839 2836 977 2902 Ariana
999 2844 1054 2904 est
1070 2835 1127 2905 vel
1144 2836 1354 2920 tritheitica,

193 2945 367 3037 simulque
390 2947 558 3015 inducens
582 2946 669 3013 duos
692 2939 848 3034 Spiritus
872 2944 1031 3027 Sanctus,
1058 2944 1148 3034 quod
1172 2936 1359 3012 absurdum

191 3054 415 3139 Augustinus
430 3055 627 3142 exprobrat,
650 3080 665 3115 a
685 3052 843 3140 singulos
859 3073 881 3117 a
897 3051 1051 3139 singulis
1070 3075 1101 3138 »ς
1121 3051 1276 3142 adeoque
1289 3051 1361 3120 dia-

191 3160 320 3227 crimen
343 3165 435 3227 esset
465 3159 611 3226 maxime
645 3159 843 3227 essentiale.
863 3159 902 3226 Si
925 3168 1053 3242 autem,
1073 3167 1115 3226 ut
1142 3160 1275 3228 veritas
1299 3159 1360 3225 ha-

193 3269 261 3354 bet,
279 3268 415 3336 nomine
431 3266 662 3356 processionis
679 3292 700 3333 a
716 3270 823 3336 Patre
837 3291 897 3356 per
913 3268 1047 3335 Filium
1064 3268 1237 3336 catholico
1254 3291 1360 3337 sensu

193 3375 459 3464 intelligebatur
490 3375 639 3465 spiratio
674 3374 793 3444 Patris
824 3398 894 3442 una
929 3398 1072 3445 numero
1105 3379 1360 3446 communicata

192 3482 297 3565 Filio,
317 3482 374 3549 hie
398 3483 487 3550 idem
511 3503 632 3550 seusus
656 3490 816 3572 saepest
849 3484 1050 3552 luculenter
1082 3485 1283 3554 declaratus
1306 3491 1362 3553 est

194 3591 237 3656 ab
259 3591 473 3678 Augustino,
493 3611 533 3658 ao
557 3591 701 3678 proinde
723 3592 839 3658 omnia
862 3614 949 3682 quae
972 3593 1176 3681 Langenius
1200 3591 1363 3681 disputat

194 3698 234 3764 de
258 3697 465 3765 diversitate
488 3720 609 3766 sensus
632 3700 670 3765 in
695 3705 843 3789 utraque
866 3700 1041 3784 formula,
1071 3720 1166 3767 mera
1189 3706 1273 3766 sunt
1296 3699 1362 3788 fig-

196 3812 311 3872 menta
335 3806 474 3873 invecta
497 3807 541 3872 ad
564 3806 830 3888 obscurandum,
861 3807 891 3872 si
915 3806 992 3872 fieri
1016 3815 1144 3893 posset,
1162 3805 1361 3873 unanimem

194 3935 397 3980 consensum
421 3914 565 3980 Petrum
597 3918 668 3980 tam
702 3913 925 3980 orientalium
949 3933 1050 4003 quam
1086 3903 1356 3982 occidentalium

193 4019 289 4104 (vide
318 4042 426 4108 supra
439 4027 470 4102 5.
488 4019 567 4106 IL).
585 4018 715 4108 Accipe
731 4026 767 4087 et
781 4022 958 4110 patienter
972 4022 1109 4090 sustine
1129 4021 1360 4110 Langeniana

194 4128 343 4219 reliqua.

257 4235 294 4302 4⁰
319 4264 336 4298 u
361 4234 462 4304 Sicut
485 4235 555 4305 diei
579 4235 724 4327 nequit,
754 4256 814 4324 per
845 4234 1143 4322 Augustinianam
1166 4235 1360 4305 doctrinam

194 4340 234 4408 de
258 4342 475 4429 processione
497 4364 519 4407 a
543 4343 645 4409 Patre
670 4341 833 4431 Filioque
855 4341 1138 4418 induciis-Deo
1173 4345 1242 4413 duo
1266 4343 1360 4432 priu-

197 4448 288 4538 cipia
304 4471 364 4517 seu
379 4451 491 4527 ἀιτιας
509 4473 819 4542 spcuucupauaac,
836 4449 891 4518 ita
902 4449 1062 4540 theologi
1074 4451 1112 4519 in
1127 4449 1362 4539 regno'Frau·
