3120 4988
700 299 738 316 ...
760 268 819 334 339
840 303 878 318 -

269 375 397 443 Utrum
423 374 580 464 Spiritus
593 375 747 445 Sanctus
761 377 887 446 habeat
901 378 1090 446 essentiam
1107 378 1215 446 etiam
1233 377 1371 465 aFilio,

202 506 267 552 seu
290 487 408 550 utrum
434 485 597 572 procedat
621 486 725 553 etiam
750 507 771 552 a
793 486 910 569 Filio,
938 486 1021 577 quia
1045 485 1160 554 Filius
1183 488 1285 555 Patri
1301 510 1376 556 con·
1431 496 1434 509 ’

203 590 451 658 substantialis
474 600 538 678 est;
568 592 919 684 chuicquaestioni',
946 617 1023 662 cum
1048 594 1089 662 de
1113 615 1153 662 ea
1176 595 1375 665 immediate

204 699 244 765 in
267 720 356 766 novo
381 698 601 766 Testamenta
625 700 718 767 nihil
741 700 913 768 traditum
937 701 997 784 sit,
1025 725 1092 767 aaa
1124 703 1197 767 nisi
1225 703 1377 792 specula»

207 809 276 873 tice
297 805 497 895 responderi
514 822 665 896 poterat.
686 836 702 870 n
728 809 787 877 Ita
810 810 954 898 Langen
980 816 1034 892 55.
1053 809 1088 878 2.
1106 809 1140 877 3.
1157 809 1192 877 4.

272 914 379 983 Atei
403 915 562 1006 quaestio
586 916 627 984 de
650 916 821 985 relatione
852 917 1008 1007 Spiritus
1033 897 1153 986 Sahcti
1177 918 1221 986 ad
1243 918 1376 988 Filium

206 1023 414 1111 speculative
436 1021 528 1091 solvi
552 1029 707 1111 potarat,
734 1029 769 1092 et
791 1047 916 1094 revera
939 1025 976 1091 in
1000 1025 1233 1111 speculatione
1262 1027 1378 1096 totius

206 1129 386 1197 Ecclesiae
409 1127 601 1197 catholicae
625 1130 741 1198 soluta
766 1137 831 1215 est,
858 1132 1025 1222 quomodo
1055 1152 1182 1221 quaeso
1213 1131 1277 1200 hoc
1310 1155 1378 1201 non
1489 1173 1491 1181 =

208 1238 359 1322 sufficit,
397 1239 602 1328 praesertim
637 1239 730 1327 apud
755 1238 934 1323 homines,
961 1240 1022 1331 qui
1045 1244 1146 1307 tanta
1169 1240 1379 1309 confidentia

206 1349 386 1414 scientiam
409 1348 539 1416 iactare
563 1349 849 1416 consueverunt?
874 1347 968 1430 Quid
984 1347 1077 1415 euim
1093 1349 1130 1415 in
1146 1370 1183 1415 re
1200 1351 1378 1438 praesenti

208 1455 454 1544 speculationis
477 1456 615 1523 nomine
639 1455 738 1524 aliud
768 1455 925 1544 intelligi
955 1461 1096 1545 potest,
1129 1456 1201 1524 nisi
1229 1457 1318 1547 quod
1342 1459 1380 1526 in

208 1564 254 1631 iis
277 1563 367 1652 ipsis
391 1563 570 1632 doctrinae
595 1565 783 1654 capitibus,
810 1588 897 1656 quae
921 1563 1087 1654 explicite
1110 1564 1269 1633 revelata
1292 1570 1379 1632 sunt

210 1671 251 1738 de
286 1669 423 1760 Spiritu
459 1669 587 1738 Sancto
603 1675 646 1739 'et
669 1671 712 1739 de
740 1673 874 1740 mutuis
908 1671 1142 1740 relationibus
1175 1670 1379 1741 divinarum
1470 1677 1472 1680 ⁴

210 1799 446 1870 personarum,
473 1773 645 1847 contineri
668 1780 924 1849 demonstretur
941 1779 1114 1869 processio
1130 1802 1295 1871 personae
1311 1784 1380 1849 ter·

210 1887 280 1957 tias
304 1909 411 1978 aeque
434 1909 456 1954 a
479 1890 631 1956 secunda
661 1911 701 1958 ac
732 1911 753 1956 a
776 1889 889 1979 prima
916 1911 1063 1979 persona
1079 1887 1141 1957 SS.
1161 1887 1381 1958 Trinitatis?

211 1994 380 2064 Doctrina
403 2000 519 2063 autem
544 2017 632 2086 quae
654 1996 691 2063 in
714 1997 881 2086 explicite
903 1996 1072 2066 revelatis
1096 1997 1294 2066 continetur
1318 1998 1380 2065 im·

212 2102 346 2200 plicita,
373 2103 425 2172 ita
448 2109 491 2172 ut
513 2104 666 2193 simplici
689 2105 830 2194 analysi
854 2128 914 2174 seu
939 2110 996 2191 (ut
1018 2105 1244 2174 adversarius
1266 2104 1379 2196 loqui-

212 2217 285 2301 tur)
308 2213 517 2302 speculativa
540 2213 665 2282 deduci
690 2221 811 2304 queat,
844 2214 1001 2303 profecto
1032 2213 1178 2303 ipsamet
1209 2211 1380 2282 obiective

213 2324 248 2392 in
271 2325 430 2414 deposito
452 2324 680 2393 revelationis
705 2327 747 2392 ab
764 2324 924 2393 Ecclesia
941 2347 1008 2391 non
1028 2324 1139 2393 solum
1157 2313 1382 2404 custodieudo
1484 2378 1489 2384 -

217 2432 273 2500 sed
297 2432 404 2500 etiam
427 2431 632 2521 explicando
656 2431 974 2521 comprehenditur.
999 2433 1086 2500 Eam
1109 2455 1204 2521 argo,
1235 2434 1384 2512 maxime

216 2539 272 2607 ubi
295 2561 432 2608 errores
455 2539 662 2628 ingruentes
687 2541 872 2608 veritatem
897 2541 934 2607 in
962 2538 1158 2630 periculum
1182 2540 1381 2626 adducunt,

216 2649 373 2720 Ecclesia
395 2648 515 2718 divino
538 2650 741 2719 doctoratus
765 2648 974 2717 charismate
990 2671 1051 2739 per
1068 2649 1289 2718 assistentem
1306 2649 1383 2740 Spi-

217 2758 320 2827 ritum
335 2757 499 2827 veritatis
515 2756 688 2846 insignita
703 2756 890 2846 explicare,
906 2778 947 2825 ac
963 2757 1122 2824 omnibus
1138 2753 1299 2825 fidelibus
1312 2756 1381 2824 iam

217 2865 249 2934 in
272 2889 310 2934 se
342 2874 379 2934 et
407 2865 573 2954 explicite
602 2865 806 2933 credendam
838 2885 1028 2953 proponere
1059 2869 1175 2953 potest
1204 2884 1245 2931 ac
1269 2863 1383 2933 debet.

218 2972 321 3060 (Vide
345 2975 503 3041 Tractat.
530 2973 571 3041 de
595 2972 718 3040 divina
742 2971 946 3040 Traditione
972 2971 1039 3039 Th.
1058 2971 1160 3041 VIII.
1176 2971 1307 3056 XXV.)

279 3083 434 3172 Insuper
457 3104 533 3149 cum
559 3080 785 3149 revelationis
817 3068 1014 3168 depositum
1038 3102 1106 3147 non
1129 3079 1204 3148 sola
1228 3067 1386 3169 Scriptu-

211 3210 250 3261 ra
289 3192 352 3261 sad
383 3192 489 3260 etiam
521 3189 596 3257 sine
631 3189 761 3278 scripto
796 3187 1048 3256 traditionibus
1080 3188 1158 3277 pari
1187 3187 1387 3256 reverentia

206 3298 451 3390 suscipiendis
483 3299 704 3367 contineatur
739 3296 856 3387 (Conc.
875 3296 974 3363 Trid.
994 3319 1078 3365 sess.
1096 3296 1192 3381 Iu),
1218 3295 1387 3386 quomodo

202 3430 344 3500 quaeso
366 3430 409 3474 ex
433 3428 483 3489 eo,
503 3407 593 3498 quod
610 3406 651 3474 de
674 3405 890 3495 processione
904 3402 1062 3493 Spiritus
1078 3404 1204 3471 aFilio
1229 3389 1387 3472 inlibris

199 3515 423 3606 Scripturas
447 3513 537 3580 nihil
562 3513 678 3581 doceri
701 3513 907 3596 affirmatur,
923 3534 1135 3604 consequens
1156 3516 1296 3579 estnon
1313 3531 1386 3578 esse

194 3626 405 3696 veritatem
428 3620 631 3704 revelatam,
658 3626 842 3710 antequam
865 3621 1140 3688 demonstratum
1164 3618 1212 3705 sit
1228 3617 1333 3685 etiam
1349 3616 1388 3684 in

190 3730 469 3803 traditionibus
494 3729 567 3796 sine
599 3728 732 3818 scripto
756 3729 857 3797 velut
882 3750 943 3816 per
967 3748 1088 3794 manus
1117 3724 1321 3815 propagatis
1345 3724 1388 3792 da

188 3841 338 3923 eadem
361 3838 497 3924 origine
522 3836 678 3925 Spiritus
703 3835 823 3903 Sancti
848 3834 939 3901 nihil
963 3831 1159 3904 contineri?

281 3945 336 4013 Π.
354 3943 485 4012 Verum
500 3943 602 4011 novis
625 3942 720 4010 hisce
737 3941 925 4010 haereticis
949 3941 1042 4010 sicut
1058 3939 1328 4031 antiquioribus,
1349 3945 1389 4008 ut

189 4059 258 4127 ad
286 4076 430 4144 scopum
453 4051 687 4141 perversionis
705 4051 924 4138 singulorum
947 4049 1155 4136 dogmatum
1170 4047 1387 4136 pertingant,

192 4186 307 4258 opus
329 4169 383 4232 est
402 4162 552 4251 primum
565 4161 770 4250 perturbare
783 4159 861 4247 ipsa
874 4156 1049 4246 principia
1066 4155 1280 4244 cognitionis
1297 4156 1389 4224 chri·

195 4270 359 4342 atienae
380 4277 417 4337 et
440 4267 644 4336 catholicae.
662 4267 935 4354 Neoprotestans
958 4264 1073 4353 igitur
1100 4263 1250 4353 scriptor
1273 4268 1390 4331 noster

203 4398 300 4449 enm
329 4375 556 4460 orientalium
587 4398 655 4443 non
685 4374 800 4444 minus
816 4394 926 4465 quam
950 4372 1219 4442 occidentalium
1242 4373 1389 4440 Petrum
