3120 4988
714 334 752 353 -
774 298 831 367 1⁷7
852 333 890 353 -

211 431 326 481 caena
349 409 493 481 abolitis
517 407 686 501 capitulis
707 430 770 477 seu
793 405 1094 477 anathematismis
1116 404 1249 495 cyrilli
1272 411 1310 478 et
1331 404 1389 477 de·

214 518 440 587 finitionibus
462 516 664 608 Ephesinis.
690 515 821 586 Contra
842 514 908 583 has
930 509 1051 606 itaque
1074 514 1338 585 criminationes
1353 515 1392 585 in

215 627 377 696 omnibus
401 627 561 718 epistolis
586 625 707 695 citatis
723 624 883 715 (tyrillus
907 626 1105 716 respondet,
1127 625 1322 698 Concilium
1338 651 1392 698 oe·

216 736 433 806 cumenicum
448 735 665 826 Ephesinum
688 757 793 826 seque
816 734 931 824 ipsum
956 734 1082 823 optime
1098 735 1251 821 novisse,
1269 736 1392 808 buinn-

216 845 310 914 modi
334 844 557 929 mutationes,
583 843 780 914 contrarias
804 844 966 933 inquam,
993 841 1050 912 vel
1074 847 1118 911 ia
1137 860 1393 913 cccccccccc

215 953 354 1042 syllaba
377 953 507 1021 nemini
530 973 605 1022 essa
630 951 829 1041 permissas3
848 950 917 1019 imo
940 950 1138 1039 Ephesinos
1153 949 1289 1035 Patres,
1309 952 1393 1044 qnia

215 1059 269 1127 ita
292 1064 492 1143 senserunt,
519 1058 595 1128 ideo
620 1056 866 1148 proscripsisse
888 1056 1138 1146 expositionem
1161 1057 1243 1126 fidei
1266 1058 1391 1128 Nesto-

218 1168 354 1234 rianam
378 1165 588 1254 (symbolum
611 1162 810 1241 aCbarisio
826 1163 1088 1249 denuntiatum)
1104 1164 1315 1233 contrariam
1335 1187 1393 1235 ve·

219 1273 323 1340 nitati
357 1271 574 1341 definitionis
603 1271 798 1353 Nicaenae,
824 1277 861 1338 et
891 1271 1007 1338 eodem
1042 1292 1145 1339 seusu
1170 1271 1391 1359 prohibuisse
1523 1355 1528 1365 Ι

218 1380 326 1448 aliam
349 1381 451 1448 fidem
468 1379 658 1462 conscribi,
684 1401 753 1470 qna
776 1376 944 1449 videlicet
964 1377 1120 1449 Nicaeae
1144 1378 1228 1449 tides
1252 1401 1392 1470 perver-

219 1494 367 1557 teretur.

285 1599 317 1681 c)
338 1596 430 1664 Hinc
464 1595 607 1665 evidens
630 1600 702 1678 est,
728 1593 819 1685 quod
843 1591 948 1682 paulo
977 1600 1059 1662 ante
1089 1594 1189 1680 dixi,
1214 1593 1391 1684 cyrillum

217 1726 285 1771 non
309 1725 412 1792 agere
436 1702 477 1772 de
502 1702 538 1771 vi
562 1702 693 1772 decreti
705 1700 876 1790 Ephesini
900 1701 937 1769 in
954 1724 1056 1771 sensu
1074 1702 1313 1794 disciplinari;
1331 1703 1392 1774 scd

217 1809 408 1900 doqmutioe
430 1832 471 1878 ex
496 1809 576 1900 ipsa
599 1809 708 1877 insita
736 1809 1089 1878 incommutabilitate
1113 1809 1194 1878 fidei
1217 1809 1392 1880 Nicacncc

217 1939 306 2008 quae
330 1916 416 1985 fides
440 1922 493 1984 est
517 1915 702 2000 catholica,
726 1915 930 1984 contendere
946 1914 1106 1985 omnibus
1121 1909 1338 1988 Christianis
1353 1924 1391 1987 et

217 2026 309 2093 omni
333 2032 497 2114 tempore,
523 2023 676 2114 adeoque
700 2022 807 2090 etiam
827 2020 993 2090 Patribus
1017 2022 1111 2092 siout
1132 2022 1323 2113 Ephesinis
1338 2023 1392 2094 ita
1435 2046 1436 2051 ’

216 2132 615 2222 Constantinopolitanis
638 2131 738 2200 nefas
766 2131 877 2199 fuisse
899 2137 935 2198 et
958 2152 1091 2219 semper
1113 2131 1189 2200 lore
1212 2131 1265 2198 orl
1287 2154 1391 2199 anam

216 2242 390 2331 syllabam
408 2239 606 2330 transprsdi
621 2240 658 2307 in
675 2238 832 2328 symbolo
848 2237 1014 2322 Nicaeae,
1031 2237 1107 2306 eive
1122 2237 1303 2308 additione
1314 2238 1391 2310 cive

220 2348 461 2417 subtractione
484 2348 561 2416 sive
585 2344 875 2435 interpretatione
899 2342 1182 2422 contraricddei
1205 2344 1311 2415 semel
1334 2345 1389 2416 de·

221 2457 355 2526 linitae.

283 2567 320 2652 d)
346 2565 445 2634 Unde
469 2565 549 2633 dum
572 2561 748 2632 Macarius
772 2581 813 2629 ea
835 2559 962 2644 omnia,
984 2581 1072 2652 quae
1088 2560 1248 2650 Cyrillus
1271 2560 1392 2652 dispu-

219 2679 274 2742 tat
297 2672 341 2740 de
367 2671 619 2740 mutationibus
643 2670 845 2750 contrariis,
869 2668 1045 2737 transfert
1068 2669 1112 2738 'ad
1141 2667 1394 2759 explicationes

218 2783 326 2849 etiam
350 2800 452 2847 veras
487 2777 645 2868 symbolo
680 2778 852 2859 insertas,
884 2774 1110 2868 consequitur
1144 2798 1186 2844 ex
1217 2777 1393 2849 sententia

216 2909 317 2977 qnam
344 2886 417 2974 ipse
439 2883 577 2973 Cyrillo
601 2883 759 2972 affingit,
785 2882 882 2953 sicut
905 2881 1066 2973 quamvis
1097 2880 1205 2950 aliam
1230 2882 1282 2951 ita
1303 2882 1390 2953 Con·

215 2995 566 3084 stantinopolitanam
589 2993 792 3078 formulam,
819 2992 856 3061 in
880 3012 950 3082 qua
973 2997 1174 3082 comparata
1197 3012 1274 3061 cum
1298 3014 1391 3082 sym-

215 3102 292 3172 bolo
316 3101 471 3172 Nicaeuo
495 3101 721 3191 reperiuntur
745 3099 943 3170 additiones
965 3106 1003 3169 et
1024 3101 1296 3187 subtractioucs,
1314 3124 1390 3173 cen·

164 3235 167 3238 ’
209 3210 285 3281 seri
312 3209 435 3277 debere
459 3209 734 3293 condemnatam,
760 3209 836 3277 sive
859 3208 929 3276 iam
953 3208 1047 3277 inter
1071 3208 1154 3278 illas
1178 3209 1308 3280 multas
1331 3211 1390 3280 ad·

206 3319 368 3389 ditiones
392 3337 462 3385 una
485 3317 534 3384 sit
557 3316 624 3384 illa
647 3315 840 3406 simplicior
872 3322 995 3385 contra
1017 3316 1302 3403 Macedonianos,
1328 3320 1392 3408 pici

201 3451 230 3494 a
257 3427 372 3521 Patre
391 3422 570 3512 procedit5
594 3424 669 3492 sive
703 3424 789 3492 haec
816 3424 1041 3515 explicatior,
1067 3428 1130 3515 qui
1153 3450 1175 3492 c
1200 3426 1308 3493 Patre
1329 3427 1390 3494 Fi·

200 3531 509 3625 lioqaeproredie,
526 3546 671 3624 quarum
688 3539 816 3603 neutra
831 3539 948 3603 exstat
964 3532 1160 3605 iuNicaono
1173 3534 1269 3602 istud
1283 3555 1391 3602 unum

196 3641 414 3735 profitente:
440 3641 644 3729 (oredimus)
670 3648 738 3709 ret
759 3642 797 3709 in
822 3642 993 3733 Spiritum
1018 3643 1197 3711 Sanctum.
1213 3669 1230 3706 n
1248 3641 1344 3710 Haeo
1360 3641 1392 3710 si

189 3745 392 3818 Macarius
423 3749 569 3838 ipsemet
599 3749 710 3818 sentit
736 3772 812 3819 esse
834 3750 1007 3835 absurda,
1041 3750 1171 3820 sentiet
1204 3750 1391 3819 absurdam

188 3877 313 3927 suam
337 3855 662 3944 interpretationem
686 3856 867 3926 doctrinae
891 3855 1111 3946 (lyrilliause
1126 3862 1162 3925 et
1177 3855 1388 3946 Ephesinee.

278 3962 316 4030 2⁰
339 3962 406 4030 His
430 3962 500 4030 iam
523 3964 628 4032 etiam
652 3987 857 4054 responsum
882 3970 937 4033 est
959 3971 1180 4053 argumento,
1206 3963 1297 4055 quod
1319 3965 1393 4032 Ma·

192 4071 332 4142 carius
354 4070 545 4139 extundere
570 4070 717 4140 conatur
741 4093 783 4138 ex
805 4070 966 4139 Concilio
989 4069 1273 4155 chalcedonensi,
1299 4069 1391 4160 qnod

198 4181 271 4265 (ut
291 4175 358 4262 ait)
382 4175 618 4244 confirmando
630 4176 798 4266 epistolas
809 4175 953 4266 cyrilli,
968 4177 1045 4245 eius
1059 4175 1328 4266 explicationem
1343 4176 1387 4246 de

209 4305 319 4351 seusu
343 4283 473 4351 decreti
497 4283 667 4374 Ephesini
692 4291 804 4352 ratam
829 4283 967 4354 habuit.
984 4284 1132 4353 Omnino
1148 4286 1242 4355 siout
1256 4283 1390 4375 Ephesi

211 4389 361 4459 Ioannes
385 4391 629 4461 Antiochenus
660 4415 739 4462 oum
769 4391 844 4460 suis
880 4394 1110 4464 orientalibus
1145 4400 1181 4465 et
1203 4392 1391 4466 Nestorius

279 4530 444 4589 recuruum,
457 4531 494 4579 De
509 4541 621 4592 process.
640 4530 749 4592 Spiritus
766 4531 863 4582 sancti.
1264 4531 1294 4580 12
