3120 4988
692 314 730 329 -
752 279 808 345 183
830 313 868 328 -

192 396 321 480 nempe
342 387 565 458 definitiones
586 407 696 479 aeque
719 391 803 457 suut
825 410 868 456 ex
884 386 1065 478 promissis
1080 385 1216 458 Christi
1232 384 1369 456 infalli-

195 495 291 563 biles
312 500 349 563 et
371 494 647 563 irreformabiles
670 515 710 563 aa
734 492 1029 563 oecumenicorum
1053 491 1300 577 Consiliorum,
1325 496 1369 563 ut

195 602 365 671 Pontifex
387 601 493 692 paulo
516 607 596 692 post
618 602 847 688 demonstrat)
864 615 895 667 et
913 626 935 668 a
950 601 1202 669 venerabilibus
1216 600 1371 692 quinque

199 710 372 779 Consiliis
395 709 539 798 definita
561 724 654 793 eant,·
678 733 755 780 cum
778 708 1009 799 simplicitate
1029 707 1143 777 cordis
1158 714 1195 777 et
1208 707 1285 777 sine
1299 728 1371 777 am-

197 818 378 909 bigaitate
400 838 422 885 a
444 817 610 888 Patribus
633 815 788 889 traditae
811 816 893 888 fidei
916 838 1173 901 conservamus,
1198 837 1306 884 unum
1333 819 1372 885 et

199 926 429 1016 praecipuum
445 926 569 994 bonum
585 925 713 996 habere
729 948 862 1017 semper
874 930 1035 1016 optantes
1050 929 1157 1017 atque
1174 924 1367 1007 studentes,

200 1042 244 1104 ut
265 1034 358 1104 nihil
381 1036 422 1105 de
444 1036 497 1105 eis
520 1058 608 1128 qnae
631 1035 863 1127 singulariter
885 1036 1030 1106 definita
1050 1041 1146 1119 sunt,
1174 1034 1366 1121 minuatur,

200 1141 294 1210 nihil
317 1148 473 1213 mutetur
497 1142 555 1212 vel
576 1150 760 1235 augeatur,
779 1143 836 1210 ead
859 1143 971 1211 eadem
995 1157 1027 1210 et
1048 1143 1159 1212 verbis
1184 1158 1217 1210 et
1239 1157 1370 1211 senten·

202 1251 264 1316 tiis
288 1250 433 1317 illibata
455 1249 729 1320 custodiantur»
756 1251 819 1338 (1).
845 1250 940 1320 Haec
975 1273 1037 1319 sno
1061 1250 1158 1319 modo
1182 1249 1313 1323 recitat
1334 1252 1371 1318 et

199 1354 236 1426 in
250 1357 309 1426 his
321 1357 477 1428 exsultat
492 1358 680 1427 Macarius.
696 1358 860 1426 Pontifex
874 1380 957 1426 vero
969 1357 1067 1426 hisae
1081 1356 1198 1426 verbis
1212 1354 1370 1437 declarat

202 1466 378 1550 mandata,
404 1486 492 1558 quae
514 1465 658 1536 dederat
681 1466 756 1535 suis
779 1465 909 1555 legatis
937 1465 982 1534 ad
1006 1463 1199 1536 Consilium
1222 1463 1289 1535 VI.
1314 1485 1370 1533 oe·

204 1572 417 1641 armenicum
439 1570 643 1641 litterarum
667 1572 815 1640 istarum
839 1571 1084 1664 portitoribus.
1113 1570 1280 1654 «Quibus
1295 1592 1374 1660 por-

201 1679 382 1764 titoribus,
398 1677 527 1771 inquit,
546 1685 582 1748 et
605 1679 807 1748 testimonia
823 1679 1021 1772 aliquorum
1044 1703 1092 1749 ss.
1110 1677 1267 1764 Patrem,
1286 1699 1373 1771 quos

197 1786 286 1856 haec
309 1786 514 1876 Apostolisa
543 1786 679 1858 Christi
701 1787 862 1858 Ecclesia
884 1787 1067 1876 (Romana)
1097 1786 1268 1876 suscipit,
1294 1807 1372 1855 eum

192 1915 322 1970 eorum
343 1893 446 1962 libris
469 1893 692 1980 tradidimus,
707 1903 805 1966 ut...
830 1918 873 1964 ex
896 1895 954 1965 his
969 1895 1154 1964 dumtaxat
1169 1892 1373 1962 satisfacere

194 2002 382 2087 studeant,
397 2000 478 2071 dum
491 2001 683 2092 imperialis
699 2002 929 2073 mansuetudo
941 2002 1171 2093 praeceperit,
1187 1999 1272 2094 quid
1287 1999 1374 2070 haec

210 2176 213 2181 ·
271 2142 318 2218 (1)
333 2147 388 2200 ‘Ita
414 2149 495 2216 μηδεν
523 2165 596 2217 παρα
621 2167 655 2199 ra
678 2166 814 2208 suessanae
843 2145 962 2217 deriserat
984 2143 1093 2217 μειωθῃ,
1115 2149 1195 2218 μηδεν
1217 2144 1329 2217 ὀλλαγῃ
1356 2142 1374 2204 ei

201 2233 352 2306 epoerabp,
373 2233 450 2288 α’λλα
477 2255 563 2290 ταυτα
589 2255 631 2288 και
649 2235 752 2307 (inpare
776 2256 819 2288 nae
844 2251 973 2305 tenuasse
1000 2232 1177 2307 dnaparpura
1195 2233 1374 2307 pthaxbucea.

201 2325 347 2380 Nimirum
375 2322 493 2378 mandat
516 2323 667 2391 Pontifex,
688 2328 721 2380 ut
751 2324 931 2378 definitiones
956 2324 1023 2378 fidei
1050 2324 1277 2380 antecedentium
1295 2322 1373 2378 ‘Pon-

204 2418 314 2471 tificum
334 2413 406 2487 (sine
425 2414 511 2469 dublo
530 2415 650 2482 respicit
668 2415 846 2483 potissimum
865 2413 936 2469 illae
959 2415 1064 2468 Leonis
1076 2416 1101 2470 I.
1125 2418 1155 2469 et
1173 2415 1293 2469 Martini
1305 2416 1329 2471 1.
1343 2416 1376 2469 in

202 2522 289 2560 causa
308 2497 540 2575 monophysitloa
558 2509 588 2557 et
606 2501 835 2575 monotheletica}
849 2507 879 2558 et
915 2492 1154 2559 oecumenicorum
1185 2505 1375 2560 Consiliorum

205 2596 341 2647 maneant
368 2594 563 2660 incorruptae,
584 2593 645 2647 eine
662 2597 778 2647 uulnere
801 2591 864 2665 (hoo
892 2595 968 2648 enim
991 2593 1137 2661 significat
1166 2592 1373 2666 dnapaepaeasi,

207 2681 363 2736 cuiusmodi
382 2682 485 2736 vulnus
503 2681 592 2735 etlam
609 2681 694 2735 unius
713 2682 794 2736 vocis
811 2685 861 2736 ant
879 2683 1010 2749 syllabae
1030 2681 1177 2736 additione
1197 2685 1247 2736 aut
1264 2684 1376 2737 subtra-

205 2774 298 2828 ctione
307 2772 404 2838 infligi
414 2774 520 2840 potest,
533 2776 566 2826 ut
578 2787 603 2826 e.
618 2787 646 2838 g.
660 2773 870 2827 monotheletae
883 2756 1090 2840 praediedbant
1102 2789 1187 2826 anan
1197 2777 1375 2841 personalem

205 2864 400 2932 operationem
410 2867 440 2917 et
450 2864 628 2916 voluntatem
640 2862 762 2930 Christi;
775 2862 906 2930 Eothesis
920 2862 1046 2918 Heraclii
1059 2866 1089 2915 et
1100 2864 1196 2930 'typus
1207 2862 1375 2918 Constantis

206 2953 346 3006 vetabant
363 2950 421 3005 diei
440 2951 502 3004 sive
521 2966 606 3003 anam
625 2950 687 3004 sive
706 2950 775 3004 dnae
793 2953 971 3018 voluntatem
988 2952 1205 3019 monophysitae
1225 2951 1373 3007 subtrahe-

205 3040 273 3095 bant
292 3040 326 3093 in
340 3036 507 3092 delinitione
526 3038 751 3096 Chalcedonensi
770 3040 947 3107 particulam,
970 3039 1115 3094 Christum
1134 3055 1194 3093 esse
1213 3039 1246 3092 in
1265 3040 1375 3095 duabus

205 3131 329 3196 naturis,
345 3129 553 3182 substituentes
573 3130 694 3183 alteram
712 3145 745 3180 ea
764 3128 872 3183 duabus
892 3130 1015 3184 naturis.
1038 3129 1159 3196 Propter
1178 3143 1261 3197 quam
1279 3144 1373 3184 eorru-

204 3221 330 3284 ptionem
358 3235 390 3273 ac
408 3217 637 3272 vulnerationem
656 3217 722 3272 fidei
742 3219 876 3274 delinitae
903 3218 1018 3286 Agatho
1043 3219 1074 3272 ln
1094 3219 1147 3294 hac
1164 3218 1229 3286 ipsa
1247 3218 1372 3286 epistola

205 3310 286 3374 ponit
313 3307 481 3375 explicitam
499 3307 724 3376 professionem,
748 3312 834 3375 atque
852 3309 884 3360 in
903 3324 937 3362 ea
955 3288 1110 3363 credendas
1129 3323 1191 3362 esse
1211 3307 1284 3362 dicit
1303 3305 1373 3361 duas

204 3399 316 3454 Christi
335 3403 464 3467 naturas,
492 3415 523 3450 en
545 3399 699 3475 peniteret
725 3402 757 3452 in
784 3401 883 3468 quibua
902 3396 941 3471 (ἐξ
959 3398 991 3455 ain
1011 3422 1053 3454 nnn
1074 3397 1099 3455 ἓν
1119 3397 1173 3471 aig)
1194 3399 1281 3452 etiam
1307 3399 1375 3467 post

202 3488 362 3543 tuitionem
381 3487 527 3555 subsistit,
548 3492 634 3556 atqua
654 3488 723 3541 dnae
740 3491 885 3541 naturales
905 3488 1067 3542 voluntates
1087 3491 1117 3540 et
1135 3489 1326 3555 operationes.

271 3579 415 3638 Macarius
440 3592 509 3630 vero
534 3577 610 3631 nihil
630 3579 762 3643 cogitans
781 3578 815 3632 de
834 3578 1049 3634 definitionibus
1069 3579 1238 3646 generatim,
1254 3577 1289 3630 ds
1311 3577 1375 3646 qui·

198 3664 252 3724 bue
273 3668 414 3721 Pontifex
426 3668 566 3737 loquitur,
583 3669 632 3722 sed
652 3669 707 3723 soli
725 3670 853 3736 symbolo
872 3668 1202 3736 Constantinopolitano,
1228 3673 1259 3722 et
1282 3672 1374 3737 parti·

195 3764 285 3817 calae
304 3761 439 3828 Filioque
456 3761 560 3828 ubique
579 3761 752 3828 impingens,
769 3767 809 3813 nt¹
820 3761 984 3814 hominibus
1003 3759 1129 3828 stupidis
1148 3758 1242 3814 fusum
1273 3760 1374 3826 faeiat,

192 3851 294 3906 verba
310 3849 404 3904 citata
421 3849 465 3921 ita
484 3849 585 3904 vertit:
605 3850 719 3914 «Qu'on
740 3864 774 3902 ne
794 3849 901 3914 change
921 3863 957 3902 ne
969 3848 1120 3903 retranshe
1133 3852 1163 3900 at
1175 3848 1300 3916 n'ajoute
1312 3849 1377 3902 rien

192 3938 307 4014 itaut
328 3954 357 3993 oe
377 3939 428 4006 qui
446 3953 464 3990 a
483 3939 528 3992 cte
546 3938 767 4005 regulieremeut
784 3939 890 4006 statum
906 3939 989 4006 qu‘au
1003 3937 1146 3993 contraire
1166 3941 1229 3991 tout
1244 3939 1377 3995 soitoon·

188 4014 288 4084 servi
308 4012 469 4082 inviolable
488 4029 559 4081 dana
578 4031 617 4080 les
634 4030 728 4081 mimae
746 4036 842 4080 termae
866 4027 987 4081 atdans
1007 4029 1034 4081 le
1062 4030 1148 4080 meme
1178 4042 1244 4080 sens
1265 4049 1278 4077 n
1300 4025 1330 4098 (1.
1350 4044 1376 4082 c.

194 4131 234 4186 p.
252 4117 329 4192 582).
344 4119 399 4174 Sed
417 4118 553 4172 Pontifex
571 4135 628 4172 non
648 4119 691 4172 ait
709 4133 759 4171 neo
778 4119 841 4170 sine
860 4118 1017 4171 manifesta
1035 4115 1263 4171 contradictione
1281 4116 1377 4184 potuit

196 4210 349 4278 statuere,
364 4213 399 4263 ut
419 4209 514 4263 omnia
527 4211 660 4262 maneant
677 4209 710 4260 in
724 4208 819 4260 iisdem
831 4209 930 4272 verbim
945 4206 994 4261 sed
1007 4207 1079 4261 dlcit
1091 4211 1124 4260 ut
1138 4209 1233 4262 omnia
1245 4207 1378 4274 dogmata

193 4307 227 4349 a.
243 4297 304 4351 suis
322 4297 587 4367 praedecessoribus
607 4299 654 4353 vel
673 4315 690 4352 a
709 4297 832 4366 quinque
851 4296 990 4351 Consiliis
1009 4296 1129 4354 delinita
1156 4301 1292 4352 maneant
1320 4295 1377 4350 sibi

195 4385 333 4446 identica
352 4393 382 4446 et
400 4405 452 4446 nec
470 4390 567 4453 verbis
587 4404 638 4444 nec
656 4387 813 4447 sententiis
832 4394 1057 4455 corrumpantur.
