3120 4988
677 315 722 329 —
737 278 800 345 215
816 311 860 328 -

188 379 374 464 rationem,
402 404 470 472 qua
494 390 561 449 non
585 383 628 451 ad
653 383 862 451 seinvicem
887 381 946 448 sed
971 381 1015 448 ad
1039 379 1211 470 Spiritum
1235 402 1350 470 procs-

189 487 322 556 dentem
347 491 562 575 referuntur,
578 513 660 580 nepo
678 493 852 555 minorem.
877 487 974 576 Ergo
991 489 1079 556 duae
1097 510 1262 577 personae
1277 510 1351 555 rea-

188 594 269 664 liter
292 597 481 666 distinctae
506 600 740 686 generatione,
757 620 863 665 unum
881 594 965 665 sunt
980 597 1181 686 spiratione,
1199 597 1352 688 adeoque

188 725 293 771 unum
317 705 529 795 principium
546 706 764 795 spirationis,
785 729 874 773 uuus
891 705 1055 794 spirator-3
1074 707 1168 774 siout
1183 717 1265 774 sunt
1280 715 1353 773 tres

187 833 350 898 personae
385 814 574 884 distinctae
609 839 715 884 unum
752 814 962 905 princip-ium
1000 817 1220 904 creationis,
1261 841 1352 886 unus

187 929 333 990 creator.

250 1028 309 1116 Ad
338 1031 629 1119 sapientissimam
663 1031 997 1100 animadversionem
1027 1033 1095 1102 iam
1119 1056 1140 1101 a
1162 1031 1287 1102 Photio
1317 1040 1353 1102 et

184 1159 279 1205 nunc
304 1135 469 1205 iterum'a
485 1138 656 1206 Photiano
678 1138 784 1206 toties
808 1139 995 1228 repetitam
1011 1141 1053 1208 de
1069 1139 1206 1230 Spiritu
1224 1139 1352 1209 Sancto

182 1247 286 1315 velut
310 1247 501 1336 suiipsius
525 1247 699 1337 principio
720 1249 966 1336 respondetur:
993 1249 1095 1319 Pater
1118 1258 1155 1319 et
1176 1250 1294 1319 Filius
1318 1260 1353 1319 et

175 1352 344 1446 Spiritus
368 1356 519 1424 Sanctus
542 1380 649 1425 unum
674 1365 757 1425 sunt
780 1357 903 1424 divina
926 1359 1079 1425 essentia
1096 1359 1159 1425 sub
1175 1360 1267 1427 omni
1283 1361 1352 1427 for·

172 1462 265 1530 mali
290 1462 438 1547 ratione,
459 1485 546 1554 quae
564 1485 632 1531 nou
657 1471 711 1531 est
733 1463 861 1531 relatio
884 1463 1033 1552 originis
1058 1465 1162 1533 unius
1186 1488 1353 1555 personae

172 1570 219 1637 ab
248 1569 376 1656 altera;
403 1591 486 1659 ergo
509 1571 615 1638 Pater
637 1579 673 1638 et
695 1569 812 1638 Filius
830 1572 895 1639 sub
918 1571 1058 1638 formali
1083 1552 1219 1641 ratione
1243 1573 1352 1662 spira-

172 1677 289 1744 tionis
313 1677 408 1744 inter
431 1700 467 1746 se
483 1701 590 1746 unum
607 1686 702 1759 sunt,
722 1678 805 1769 quia
829 1701 889 1766 per
906 1679 1133 1768 spirationem
1150 1680 1268 1748 Filius
1285 1703 1352 1747 uon

172 1785 342 1876 procedit
376 1793 412 1853 et
446 1787 523 1854 ideo
558 1809 625 1853 non
661 1785 898 1873 distinguitur
922 1807 943 1852 a
966 1786 1089 1874 Patre;
1118 1788 1353 1877 distinguitur

172 1897 302 1961 autem
327 1892 482 1962 Pateret
504 1892 620 1961 Filius
644 1917 704 1982 per
721 1891 944 1982 spirationem
961 1914 982 1960 a
999 1891 1137 1984 Spiritu
1154 1894 1294 1979 Sancto,
1313 1901 1353 1964 ut
1447 1967 1450 1974 ,

172 1998 397 2092 principium
422 2024 443 2068 a
465 2002 671 2091 procedente
694 2024 736 2070 ex
760 2001 944 2091 principio.

251 2114 284 2194 c)
309 2111 497 2201 Postquam
514 2109 654 2177 dixerat
668 2108 856 2192 Macarius,
875 2107 1066 2178 catholicos
1081 2110 1268 2180 admittere
1285 2110 1353 2178 duo

173 2217 358 2307 principia
382 2215 538 2307 Spiritus
562 2214 684 2286 Sancti
707 2239 746 2284 eo
769 2217 857 2306 ipso,
876 2217 965 2307 quod
988 2239 1065 2286 eum
1089 2218 1213 2287 dicunt
1237 2239 1352 2306 proce·

178 2325 265 2393 dere
289 2347 310 2392 a
334 2326 469 2393 duabus
492 2325 649 2416 personis
665 2324 856 2410 distinctis,
876 2347 953 2392 mox
979 2327 1113 2394 fatetur
1130 2326 1166 2392 iu
1191 2326 1352 2393 doctrina

182 2432 361 2502 catholica
383 2434 523 2501 Patrem
554 2440 589 2501 et
616 2431 749 2500 Filium
783 2455 843 2521 per
879 2453 981 2499 unam
1014 2433 1243 2522 spirationem
1277 2455 1352 2502 esse

183 2565 292 2612 unum
316 2542 540 2631 principium,
566 2542 717 2632 adeoque
742 2541 885 2629 ipsemet
901 2542 1109 2629 praecedens
1134 2542 1224 2613 illud
1248 2565 1353 2632 argu·

181 2657 339 2718 mentum
364 2650 405 2718 de
428 2650 562 2717 duobus
586 2649 770 2739 principiis
793 2651 954 2737 agnoscit
977 2672 1051 2718 esse
1073 2673 1202 2720 merum
1220 2650 1353 2739 sophis-

184 2781 260 2847 ma;
295 2783 414 2829 verum
446 2780 508 2848 per
536 2758 705 2826 unitatem
737 2756 922 2846 principii,
956 2781 1048 2827 nuno
1078 2758 1152 2843 sit,
1187 2758 1353 2826 conlundi

184 2865 282 2938 duas·
297 2888 460 2956 personas
483 2867 520 2934 in
551 2888 677 2950 unam,
703 2872 809 2956 atque
832 2864 885 2932 ita
919 2865 1109 2933 catholicos
1139 2865 1292 2933 incidere
1316 2864 1352 2933 in

185 2972 511 3069 Sabellianismum,
540 2972 693 3041 asaltem
728 2981 899 3063 quatenus
930 2972 1053 3040 docent
1076 2972 1212 3040 Patrem
1238 2980 1273 3039 et
1295 2971 1353 3040 Fi·

172 3079 274 3151 ·lium
310 3103 380 3149 una
414 3079 625 3148 indivisibili
653 3080 787 3148 actione
811 3079 946 3168 spirare
975 3077 1149 3174 Spiritum
1174 3078 1352 3163 Sanctum,

183 3201 222 3262 et
244 3213 439 3262 esseunum
461 3187 672 3280 principium
698 3209 871 3278 unumque
893 3195 1070 3257 auctorem
1099 3189 1254 3259 eiusdem
1274 3187 1354 3278 Spi-

184 3301 329 3371 ritus.»

176 3414 178 3418 ”
252 3406 446 3476 Sabelliani
470 3407 648 3491 docebant,
674 3430 736 3476 nec
759 3407 891 3475 Filium
916 3425 978 3476 neo
994 3404 1166 3497 Spiritum
1185 3403 1350 3474 Sanctum

184 3514 330 3591 realiter
355 3516 536 3606 procedere
560 3516 603 3582 ab
627 3514 698 3582 alia
723 3535 877 3604 persona,
900 3523 1005 3604 atque
1028 3496 1159 3582 ideirco
1185 3536 1252 3579 non
1277 3536 1351 3581 esse

186 3623 222 3691 in
245 3624 319 3691 Deo
343 3625 505 3712 personas
529 3622 673 3689 realiter
697 3623 901 3709 distinctas;
928 3623 987 3691 sed
1013 3644 1114 3688 unam
1135 3621 1352 3710 hypostasim

172 3731 374 3800 secundum
390 3731 564 3820 triplicem
581 3731 755 3798 diversam
780 3729 1095 3798 manifestationem
1112 3729 1156 3795 ad
1172 3736 1274 3796 extra
1292 3728 1351 3796 ha·

188 3839 265 3910 bere
289 3840 363 3909 tria
386 3840 526 3908 diversa
553 3841 712 3925 nomina,
738 3841 875 3922 Patris,
901 3837 1006 3920 Filii,
1034 3834 1193 3925 Spiritus
1217 3835 1351 3924 Sancti,

187 3947 319 4042 hasque
349 3949 507 4018 diversas
543 3946 841 4016 manifestationes
871 3969 970 4035 posse
992 3946 1061 4013 dici
1087 3954 1158 4013 tres
1190 3966 1354 4033 personas

182 4062 279 4151 (cpia
307 4059 485 4149 προσωπα)
509 4057 544 4126 b.
564 4081 593 4124 e.
613 4066 685 4124 tres
709 4055 835 4138 modos,
862 4055 989 4144 quibus
1014 4075 1082 4119 una
1099 4054 1220 4120 divina
1244 4055 1355 4143 hypo·

185 4167 295 4236 stasis
319 4189 356 4234 se
372 4168 469 4232 nobis
485 4167 647 4252 exhibeat
664 4162 946 4253 cognoscendam.
966 4161 1138 4229 Catholici
1155 4161 1278 4231 docent
1294 4162 1352 4230 ed·

184 4295 313 4347 versus
337 4271 564 4358 Sabellianos,
591 4272 722 4340 Filium
746 4270 892 4340 realiter
915 4270 1097 4360 procedere
1121 4292 1143 4337 a
1165 4270 1268 4338 Patre
1292 4290 1352 4359 per

176 4382 460 4476 generationem,
486 4382 619 4473 hacque
631 4379 810 4450 relatione
825 4379 975 4468 originis
999 4377 1171 4448 duasesse
1187 4397 1352 4470 personas
