3120 4988
698 327 736 342 -
759 294 875 360 lct-

206 403 312 472 Pstre
336 403 372 472 in
395 401 527 471 Filium
550 401 755 490 (00111371)
778 402 848 488 (1);
874 401 1050 470 Macarius
1072 418 1166 470 mere
1196 422 1261 470 suc
1284 403 1383 473 citat·

205 514 354 604 priorem
379 521 515 581 tantum
540 511 762 595 sententiam,
780 532 921 602 eamque
939 511 1173 600 affirmantem
1188 511 1383 604 detorquet·

204 623 411 691 adsensum
436 619 687 702 emcladentem5
711 620 932 710 posteriorem
960 641 1041 688 vero
1076 633 1209 709 partem
1235 619 1385 710 suppri·¹

203 730 281 814 mit,
301 732 383 820 quia
406 727 442 796 in
466 751 506 797 ea
537 727 681 796 disertis
713 729 830 809 verbis
859 726 1056 815 explicatur
1081 728 1278 816 affirmatio
1297 749 1383 818 prc-r

201 837 368 907 cessionis
392 858 413 903 a
434 835 540 903 Patre
565 847 604 902 ut
628 834 804 900 includens
830 826 1080 922 processionem
1105 858 1125 902 a
1147 834 1254 903 Filio.
1366 863 1369 871 ¹

267 943 376 1010 Aliud
391 943 561 1031 specimen
575 940 750 1008 Macarius
768 940 866 1007 nobis
881 941 1023 1008 exhibet
1038 940 1251 1008 eruditionis
1265 938 1376 1007 simul

200 1061 236 1124 et
258 1075 403 1145 graecae
427 1055 520 1122 lidei.
547 1053 642 1121 Citat
664 1057 713 1140 (p.
734 1051 814 1136 373)
838 1052 962 1142 lingua
986 1052 1177 1120 vernacula
1199 1061 1235 1119 ct
1257 1051 1376 1118 latina

199 1171 334 1233 textum
358 1185 400 1231 ex
425 1185 456 1230 s.
474 1160 643 1251 Gregorio
668 1159 819 1250 Magno:
847 1183 960 1228 saum
983 1160 1186 1229 Paraclitus
1210 1157 1374 1249 Spiritus

200 1297 221 1339 o
247 1273 352 1340 Patre
373 1271 535 1360 procedat
570 1283 603 1335 et
626 1270 663 1333 ia
687 1269 782 1338 Filio
807 1283 991 1339 mareote
1018 1268 1117 1352 Quae
1140 1270 1247 1338 verba
1276 1269 1383 1336 suffl·'

199 1381 299 1449 ciunt
334 1379 487 1463 bomini,
516 1387 556 1446 ut
590 1378 626 1445 in
663 1400 726 1446 sua
762 1378 913 1446 secunda
944 1378 1053 1447 classe
1088 1378 1372 1447 testimoniorum

199 1487 408 1579 Gregorium
432 1488 637 1555 adnumeret
661 1487 706 1553 iis
730 1486 909 1570 Patribus,
936 1487 995 1576 qui
1020 1487 1154 1573 (utait)
1179 1485 1373 1576 processio-

197 1618 274 1664 nem
300 1596 458 1684 Spiritus
480 1616 502 1661 a
530 1595 659 1678 Patre,
685 1601 721 1662 et
755 1595 867 1685 quoad
903 1593 1035 1661 Filium
1063 1593 1232 1684 «aliquid
1264 1593 1371 1662 aliud

197 1704 448 1795 particulares
474 1714 668 1772 asserentes
694 1703 840 1771 radbuc
865 1702 996 1770 clarius
1032 1703 1202 1791 probant,
1229 1711 1386 1772 veteres*

197 1834 264 1881 non
279 1811 468 1882 credidisse
483 1812 640 1901 Spiritus
656 1809 776 1879 Sancti
796 1812 1043 1900 processionem
1061 1811 1166 1879 etiam
1182 1830 1224 1879 ex
1235 1810 1369 1880 Filio.»

260 1914 400 1993 Revera
423 1919 454 1987 si
479 1919 673 2008 Gregorius
698 1919 750 1985 ita
768 1925 823 2003 (ut
842 1920 1034 2007 profertur)
1051 1919 1261 2008 scripsisset,
1283 1941 1372 1989 usus

196 2030 333 2124 quidem
358 2027 486 2097 fuisset
511 2027 606 2095 modo
632 2026 796 2118 loquendi
821 2027 958 2115 graecis
985 2029 1100 2116 potius
1123 2028 1292 2095 Patribus
1309 2049 1371 2096 an·

195 2140 307 2232 tiquis
331 2160 432 2230 quam
457 2137 581 2204 latinis
605 2135 765 2204 exeuntis
787 2135 916 2203 saeculi
936 2134 985 2204 VI
1004 2135 1188 2220 familiari,
1209 2137 1299 2204 nibil
1316 2144 1370 2206 ta·

195 2270 270 2316 men
295 2245 443 2314 dixisset
467 2266 488 2312 a
511 2243 673 2332 dogmate
697 2242 870 2311 catholico
894 2243 1070 2326 alienum,
1096 2254 1159 2310 aut
1183 2244 1376 2334 quomodc··

194 2374 339 2444 cumque
373 2351 560 2422 cohaerens
595 2372 672 2418 cum
704 2351 840 2419 haeresi
863 2349 1038 2418 Photiana
1067 2352 1182 2419 tribus
1213 2354 1385 2422 saeculis.

194 2463 369 2555 posterius
393 2463 585 2530 exoritura.
612 2461 738 2530 Verbis
753 2460 844 2530 enim
869 2460 944 2529 illis
968 2463 1118 2531 nondum
1136 2473 1228 2532 mota
1245 2463 1368 2535 haeres

195 2573 345 2640 ticorum
370 2569 571 2661 quaestione
604 2591 670 2636 non
696 2569 910 2638 contentiose
933 2570 1070 2661 quidem
1105 2572 1369 2666 minusque-di·

195 2691 298 2762 serte,
317 2688 359 2747 ut
381 2681 418 2746 in
442 2678 523 2745 aliis
542 2678 717 2769 plerisque
741 2679 964 2767 dogmatibus
982 2679 1125 2763 accidit,
1143 2681 1231 2748 satis
1247 2680 1377 2750 tamen¹

193 2809 255 2878 pro
279 2787 342 2855 1110
364 2786 479 2855 stadio
503 2786 674 2875 simplicis
699 2787 779 2854 ficei
795 2787 943 2875 exprimi
962 2793 1098 2877 poterat
1115 2789 1285 2876 professio
1304 2791 1377 2856 im·‘

194 2899 363 2962 moneatis
377 2893 605 2986 processionis
621 2916 641 2961 a
658 2894 763 2963 Patre
778 2905 837 2985 per
849 2895 993 2964 Filium.
1008 2895 1246 2964 Nihilominus
1261 2912 1367 2985 penes

194 3002 423 3092 Gregorium,
451 3002 510 3096 qui
536 3004 573 3069 in
597 3002 817 3073 declarandis
849 3004 1070 3091 dogmatibus
1094 3028 1134 3073 ac
1157 3005 1368 3074 nominatim

193 3111 230 3180 in
255 3111 463 3201 explicanda
485 3111 646 3180 doctrina
669 3114 710 3181 de
734 3113 950 3202 processione
968 3111 1124 3200 Spiritus
1149 3113 1270 3181 Sancti
1290 3116 1368 3184 iere
1392 3093 1403 3111 ⁸

193 3223 310 3292 verbis
334 3221 531 3310 Augustini
565 3221 748 3290 inhaerere
777 3223 885 3308 solet,
911 3222 1041 3290 locutio
1075 3221 1162 3291 haec
1197 3221 1371 3312 graecum

194 3442 267 3511 ipsc.
282 3441 369 3494 Peter
380 3438 574 3506 quippesclus
584 3437 618 3492 ds
629 3439 687 3492 alic
700 3454 755 3492 nou
767 3443 821 3492 est.
837 3440 906 3492 llam
921 3444 950 3493 et
961 3438 1055 3493 sunm
1066 3442 1095 3492 et
1105 3439 1231 3508 Spiritus
1241 3439 1370 3498 Sanctbs‘

195 3530 227 3585 de
248 3535 333 3584 Patre
353 3529 512 3597 procedit...
529 3531 584 3583 Nec
602 3530 666 3582 iduo
686 3546 751 3583 sane
765 3532 862 3598 aliqua
876 3530 1057 3598 disparilitas
1072 3533 1101 3584 in
1116 3546 1222 3586 summa
1234 3517 1289 3586 ilia
1300 3534 1364 3588 Trl-

193 3623 327 3675 uitate...
343 3622 409 3688 qnia
428 3624 458 3673 st
476 3621 570 3673 Filius
586 3620 612 3673 ei
625 3620 658 3672 de
673 3636 727 3689 quo
742 3625 892 3688 natusest,
907 3625 936 3674 et
949 3622 1075 3692 Spiritus
1089 3623 1161 3676 Sanc
1177 3638 1209 3676 us
1221 3624 1248 3676 ei
1258 3624 1293 3678 de
1306 3639 1364 3692 que

194 3695 335 3780 procedit,
361 3695 489 3786 aequalis
514 3715 567 3764 est.
584 3733 597 3759 s
624 3714 762 3765 Macarius
781 3713 810 3765 h.
831 3713 852 3766 1.
872 3713 947 3765 sicot
974 3712 1061 3765 etiam
1088 3713 1118 3765 in
1142 3713 1263 3778 August.
1284 3719 1368 3772 ocuti

195 3800 345 3854 Maximis.
360 3801 380 3855 l.
396 3801 434 3854 11.
451 3802 477 3852 2.
493 3807 580 3854 totam
600 3804 657 3854 vim
678 3803 842 3854 collocatis
856 3819 970 3855 numero
984 3802 1135 3870 singulari,
1151 3803 1223 3870 quod
1241 3801 1363 3857 dicitur:

197 3893 258 3952 sla
277 3908 331 3959 qno
351 3893 487 3962 procedit,
508 3896 638 3962 aequalis
651 3898 710 3961 est;
732 3911 787 3948 uon
807 3911 874 3948 vero
893 3897 938 3950 eis.
966 3897 1048 3950 certe
1075 3897 1129 3951 hac
1153 3897 1365 3953 hermeneutica

197 3981 368 4050 conficietur,
389 3983 528 4050 Spiritum
548 3984 679 4037 Sanctum
691 3985 783 4051 Patri,
796 3985 911 4037 minime
925 3992 1016 4037 autem
1031 3986 1106 4038 Filio
1120 4000 1181 4037 esse
1202 3988 1361 4055 aequalem,
1390 4038 1394 4045 ,

196 4070 245 4125 sed
266 4070 299 4123 ds
319 4058 439 4126 itu'ssica
458 4074 516 4126 ista
536 4074 780 4139 argumentatione
799 4073 861 4127 dixi
881 4075 911 4126 in
931 4076 1066 4128 'tractatu
1086 4093 1113 4144 p.
1129 4075 1191 4128 1102.
1206 4081 1274 4129 ncta
1289 4078 1316 4132 ft.
1338 4136 1340 4143 ,

264 4157 306 4234 (1)
328 4164 434 4216 “Nemo
453 4173 544 4218 autem
565 4166 658 4233 potest
676 4163 768 4218 dicere
789 4163 862 4232 quod
883 4180 937 4216 non
952 4166 992 4218 sit
1011 4166 1215 4234 vita'Spiritus
1228 4168 1362 4239 Sanctus,

194 4265 254 4306 cum
274 4252 337 4306 rite
362 4254 455 4321 Pater,
476 4253 538 4310 'rita
565 4257 606 4308 sit
631 4254 733 4309 Filius.
753 4254 793 4307 Ac
812 4257 861 4322 p'cr
880 4254 931 4307 hoc
959 4256 1033 4308 sieut
1061 4257 1154 4323 Pater,
1176 4256 1367 4322 cumlhabeat

193 4342 284 4397 ritallt
303 4344 332 4396 iu
353 4343 514 4412 etmellpeb,
535 4339 760 4399 delitescitis
782 4345 888 4417 ¹habel-e
914 4346 1004 4399 iilam
1033 4348 1063 4400 lb
1089 4350 1251 4416 semetipso,
1273 4329 1316 4404 aid
1335 4350 1363 4404 'si

190 4430 297 4504 (sce)
314 4432 393 4486 secu
403 4434 489 4487 circla
497 4433 662 4506 (Spiritum)
666 4429 814 4504 itbtcdsre
824 4425 859 4487 'de
869 4423 933 4503 erto,
948 4420 1019 4490 sieut
1034 4438 1164 4505 protudit
1173 4442 1201 4491 el
1213 4426 1365 4510 (1111111ξῖ
