3120 4988
647 288 684 301 -
707 253 803 315 17-

134 367 320 456 prietatem
350 365 563 455 personalem
593 362 630 431 iu
662 383 767 429 sensu
790 359 915 430 striato
939 361 1020 449 (Th.
1039 362 1175 450 XXV),
1201 384 1312 454 neque

139 473 230 540 enim
255 473 414 541 formalis
445 472 535 540 ratio
560 469 767 559 spirationis
799 490 979 557 personam
1004 471 1209 538 distinctam
1234 494 1311 539 oon-

139 581 275 665 stituit,
293 582 363 649 nisi
387 583 478 650 forte
502 583 717 650 adversariis
735 584 873 673 placeat
888 589 1039 671 quatuor
1062 579 1228 647 inducere
1246 578 1313 668 hy-

138 694 319 779 postases,
346 713 407 758 neo
431 691 493 758 uni
517 714 683 788 personae
701 697 837 758 tantum
856 701 909 758 est
933 688 1087 778 propria,
1108 688 1167 755 sed
1190 697 1244 754 eet
1259 707 1312 755 re-

136 798 225 866 latio
250 785 441 867 communis
465 799 597 888 primae
621 808 657 866 et
680 801 850 868 secundae
874 819 1051 888 personae.

203 907 305 974 Hanc
330 908 612 975 communitatem
630 908 835 996 spirationis
853 910 1019 975 adversus
1037 904 1206 972 haeresim
1224 904 1314 972 Pho-

137 1014 271 1082 tianam
298 1015 419 1106 utique
450 1038 517 1082 non
542 1016 752 1083 assumimus
777 1017 877 1084 velut
902 1014 1113 1103 principium
1138 1012 1313 1102 probatio·

136 1123 213 1211 nis;
241 1123 299 1190 sed
324 1123 391 1190 imo
408 1127 451 1193 ad
469 1145 542 1190 eam
560 1125 770 1212 probandam
794 1148 835 1192 ex
853 1123 1068 1192 documentis
1085 1121 1313 1190 revelationis

137 1237 214 1298 tota
249 1231 365 1298 Sectio
400 1231 468 1298 ΙΙΙ.
495 1231 607 1298 nostri
633 1233 824 1299 traotams
855 1233 897 1300 de
928 1232 1106 1299 Trinitate
1142 1230 1309 1319 pertinet.

136 1339 269 1407 Nostra
292 1338 553 1427 argumentatio
577 1362 618 1407 ex
643 1338 693 1406 Io.
713 1340 792 1408 XV.
812 1340 869 1408 26.
889 1322 1106 1430 nequaquam
1123 1337 1175 1404 ita
1192 1337 1309 1404 habet:

135 1447 287 1536 spiratio
311 1456 365 1514 est
389 1449 580 1515 communis
602 1448 705 1515 Patri
728 1455 764 1516 et
787 1449 901 1531 Filio,
928 1469 1012 1536 ergo
1037 1448 1117 1515 dum
1142 1443 1213 1514 l.'c.
1234 1445 1311 1533 Spi-

135 1555 231 1623 ritus
256 1553 407 1622 Sanctus
432 1555 565 1623 dieitur
589 1555 770 1645 procedere
796 1578 817 1621 a
840 1556 958 1638 Patre,
983 1554 1088 1622 simul
1113 1577 1190 1621 cum
1207 1554 1312 1621 Patre

136 1662 393 1752 intelligendus
416 1670 470 1732 est
492 1663 620 1751 Filius5
640 1687 728 1755 quae
755 1670 847 1732 esset
869 1663 994 1753 petitio
1019 1661 1185 1752 principii
1215 1661 1313 1729 simi·
1407 1725 1409 1729 .

136 1772 185 1838 lis
208 1770 277 1855 illi,
304 1773 405 1839 cuius
428 1794 504 1840 reos
529 1773 666 1862 agimus
691 1773 943 1840 schismaticos.
972 1771 1040 1839 Sed
1068 1771 1136 1837 imo
1160 1769 1310 1859 primum

90 1956 94 1958 Ἴ
137 1879 332 1948 doctrinam
356 1880 393 1948 in
419 1880 604 1969 Scriptura
620 1889 654 1949 et
670 1881 861 1948 traditione
878 1879 1157 1968 comprehensam
1175 1880 1312 1946 demon-

77 1972 81 1978 ’
138 1995 313 2072 strumus,
340 1989 377 2054 vi
402 1988 588 2076 spiratrioe
623 2011 691 2056 non
719 1990 894 2077 distingui
919 1990 1058 2055 Patrem
1081 2010 1102 2053 a
1125 1987 1244 2072 Fili03
1270 2007 1311 2054 ac

138 2101 214 2161 tum
238 2096 375 2162 demum
399 2096 596 2180 inferimus,
615 2098 651 2164 in
676 2098 792 2166 verbis
817 2096 952 2166 Christi
975 2096 1115 2163 Domini
1139 2095 1311 2162 affirman-

138 2202 234 2270 tibus
257 2204 508 2292 processionem
533 2227 554 2271 a
577 2207 694 2286 Patre,
713 2205 871 2293 intelligi
895 2206 1036 2272 Patrem
1061 2213 1101 2271 ut
1125 2205 1311 2271 communi·

138 2317 273 2377 cantem
296 2310 390 2378 Filio
421 2314 493 2379 vim
517 2313 761 2402 spiratricem,
787 2322 892 2403 atque
928 2313 1005 2381 ideo
1030 2323 1071 2382 ut
1101 2336 1209 2381 unum
1234 2335 1311 2381 cum

138 2417 230 2484 Filio
248 2418 460 2508 principium
477 2420 634 2510 Spiritus
651 2423 784 2490 Sancti.
804 2422 994 2511 Propterea
1010 2446 1078 2489 non
1095 2423 1205 2512 primo
1221 2422 1308 2506 loco,

139 2535 179 2593 ut
200 2525 379 2595 Macarius
403 2531 559 2599 ordinem
583 2533 786 2618 perturbat3
814 2533 873 2599 sed
901 2531 976 2600 loco
1001 2531 1127 2599 ultimo
1152 2540 1231 2620 post
1254 2531 1312 2599 de-

138 2641 365 2703 monstratam
390 2624 560 2706 unitatem
586 2640 702 2707 Patris
719 2647 755 2708 et
770 2640 859 2707 Filii
876 2640 913 2706 in
930 2639 1106 2727 spirando,
1125 2639 1311 2707 inferimus

138 2741 251 2810 instar
275 2743 454 2811 corollarii
470 2745 559 2813 hanc
585 2746 744 2815 Thesim:
764 2748 801 2814 in
821 2749 938 2816 verbis
954 2746 1099 2829 Christi,
1122 2745 1311 2834 aSpiritus

138 2855 304 2923 veritatis
326 2877 347 2922 a
371 2856 475 2923 Patre
498 2857 700 2946 procedite
726 2880 794 2924 non
818 2857 960 2940 excludi
992 2856 1050 2924 sed
1082 2855 1220 2924 includi
1250 2856 1309 2924 Fi-

138 2960 224 3030 lium
249 2970 290 3031 ut
315 2987 421 3031 unum
445 2987 521 3031 aum
545 2965 650 3035 Patre
668 2967 880 3056 principium
898 2965 1116 3055 procedentis
1133 2964 1325 3054 Spiritus.¹
1355 2959 1357 2963 ’

203 3069 270 3137 Sed
288 3070 404 3137 nescio
429 3071 512 3161 quid
530 3073 571 3140 de
588 3073 856 3141 Sabellianismo
873 3074 1063 3141 mussitant
1078 3074 1194 3141 eodem
1213 3094 1310 3161 pror-

137 3200 196 3246 sus
220 3179 331 3265 modo,
351 3187 392 3246 ut
415 3179 545 3248 Ariani
570 3182 754 3251 catholicis
771 3184 976 3251 docentibus
1002 3183 1173 3250 unitatem
1190 3182 1309 3249 Patris

137 3293 171 3354 et
193 3287 282 3355 Filii
306 3287 343 3355 in
367 3289 538 3372 omnibus,
565 3291 719 3379 exceptis
743 3291 975 3360 relationibus
1000 3293 1044 3360 ad
1070 3289 1231 3377 invicem,
1258 3312 1310 3358 so·

137 3393 256 3464 lebant
280 3397 430 3467 obiicere
455 3423 679 3489 personarum
704 3403 954 3470 confusionem.

204 3505 404 3574 Communis
435 3514 490 3574 est
519 3507 734 3596 ss.'Patrum
771 3511 932 3579 doctrina
967 3512 1003 3578 in
1039 3515 1114 3578 toto
1138 3510 1311 3578 Tractatu

139 3632 239 3701 saepe
254 3634 276 3679 a
292 3615 390 3681 nobis
414 3616 663 3700 demonstrata,
683 3617 815 3685 nullam
841 3641 914 3685 esse
937 3619 973 3685 in
991 3617 1167 3686 Trinitate
1184 3617 1310 3684 distin·

41 3767 45 3775 ·
136 3721 283 3790 ationem
307 3721 378 3789 nisi
403 3747 463 3812 per
486 3725 578 3792 solas
603 3726 792 3793 relationes
809 3725 971 3814 originis,
991 3726 1026 3792 h.
1046 3749 1076 3793 e.
1096 3748 1156 3813 per
1181 3725 1309 3794 realem

136 3833 386 3921 processionem
420 3833 525 3901 unius
561 3856 729 3924 personae
753 3836 796 3902 ab
827 3835 951 3902 altera.
977 3832 1137 3902 Dicimus
1175 3834 1308 3923 itaque,

136 3940 275 4008 Patrem
299 3949 335 4007 et
356 3938 490 4007 Filium
514 3941 602 4009 duas
625 3964 699 4008 esse
723 3964 887 4031 personas
912 3942 1056 4010 realiter
1074 3942 1165 4010 inter
1183 3965 1219 4009 se
1237 3942 1309 4010 dis-

136 4049 267 4118 tinctas
291 4049 376 4117 solis
403 4051 677 4141 proprietatibus
711 4051 952 4140 personalibus
984 4051 1213 4140 paternitatis
1242 4050 1309 4138 (in-

139 4148 240 4226 clusa
260 4159 456 4252 ἀγεννησιᾳ)
482 4166 517 4226 et
539 4158 735 4241 filiationis,
755 4160 959 4250 easdemque
985 4184 1091 4227 unum
1117 4184 1190 4228 esse
1215 4161 1309 4226 sicut

139 4247 289 4335 essentia
312 4276 348 4336 et
372 4269 558 4364 attributis
583 4270 767 4355 absolutis,
794 4271 847 4338 ita
872 4293 938 4336 non
964 4270 1077 4336 minu-s
1101 4270 1305 4357 spiratione,

141 4398 205 4466 qua
227 4399 295 4444 non
318 4377 362 4444 ad
387 4398 423 4444 se
446 4376 596 4445 inuicem
613 4380 820 4447 referuntur
835 4383 959 4469 (neque
979 4378 1072 4446 enim
1096 4379 1213 4446 Filius
1230 4397 1307 4464 pro·

199 4515 360 4565 Eumaeum.
378 4518 415 4565 De
430 4528 540 4578 process.
554 4515 665 4577 Spiritus
682 4520 778 4567 senati.
1217 4520 1232 4567 2
