3120 4988
784 287 821 302 ..
842 255 882 319 36
901 286 940 301 -

284 360 407 429 divina
429 365 484 428 est
506 363 699 446 naturaei
722 366 879 452 spectata
902 363 1089 431 secundum
1112 361 1204 432 hano
1226 385 1323 432 suam
1346 368 1449 434 natu-

283 491 359 538 ram
382 491 450 535 non
474 468 644 554 mittitur,
663 469 761 537 nullo
784 469 882 539 modo
906 470 1074 540 mittitur.
1095 457 1147 557 Re
1168 495 1252 540 sane
1267 494 1352 549 vera
1374 472 1449 542 Ma-

284 579 402 649 carius
426 579 588 663 affirmat,
603 578 800 647 missionem
823 578 859 645 in
884 576 1080 668 Scripturis
1114 579 1185 649 dici
1212 582 1449 652 tantummodo

285 688 327 757 de
351 684 473 755 formis
497 684 735 770 sensibilibus,
756 708 787 754 e.
805 711 840 774 g.
860 685 967 775 ignis,
987 685 1028 753 de
1045 686 1145 754 donis
1168 689 1297 756 creatis
1320 687 1359 755 in
1376 689 1450 757 ani·

284 794 350 862 mis
373 793 541 875 fidelium,
560 797 595 860 et
619 793 660 860 de
685 793 1027 861 manifestationibus
1062 792 1204 862 divinae
1235 795 1448 884 omnipoten·

284 902 368 970 tiae.
385 900 498 992 Atqui
514 900 585 970 ista
608 902 722 969 omnia
737 923 806 967 non
830 905 913 968 sunt
928 900 1005 990 ipsa
1029 900 1151 969 divina
1166 925 1312 998 persona
1329 905 1447 989 missa,

285 1012 343 1080 sed
367 1005 605 1078 tantummodo
623 1009 770 1086 effeetus
794 1030 861 1074 non
878 1001 992 1075 unius*
1007 1008 1067 1076 sed
1083 1008 1192 1077 trium
1207 1033 1446 1100 personarum,

284 1127 320 1188 et
335 1118 438 1208 signa
454 1117 566 1207 ipsius
581 1138 747 1207 personae
760 1114 898 1185 missae.
915 1115 1011 1205 Ergo
1024 1117 1205 1206 perspicue
1218 1126 1340 1187 contra
1355 1119 1451 1189 Sori-

284 1235 408 1318 pturas
424 1231 530 1314 negat
546 1224 743 1290 missionem
755 1223 869 1312 ipsius
886 1245 1052 1312 personae
1077 1225 1230 1309 divinae,
1249 1232 1285 1294 et
1299 1227 1449 1296 absurdo

286 1335 437 1402 affirmat
460 1331 563 1422 signa
587 1331 763 1399 missionis
786 1331 861 1399 sine
886 1331 1046 1401 missione
1071 1356 1247 1422 personae.
1267 1333 1449 1403 Contradi-

286 1443 355 1512 ctio
379 1449 450 1509 tam
474 1439 661 1506 manifesta
685 1446 749 1522 est,
768 1444 808 1506 ut
831 1438 1007 1507 Macarius
1031 1439 1106 1529 ipse
1130 1443 1288 1529 negando
1315 1442 1451 1510 missio·

284 1573 360 1619 nem
384 1568 549 1638 personae
573 1544 729 1634 Spiritus
746 1544 879 1629 Sancti,
899 1568 972 1613 eam
995 1546 1099 1615 simul
1116 1549 1288 1618 affirmare
1311 1558 1451 1619 coactus

285 1657 408 1726 fuerit.
430 1684 446 1719 a
463 1652 599 1742 Missio,
614 1651 744 1742 inquit,
764 1651 920 1742 Spiritus
933 1651 1054 1724 Sancti
1068 1655 1340 1746 debetiutelligi
1352 1661 1453 1726 caios

287 1763 326 1830 de
349 1760 568 1828 sensibilibus
578 1758 722 1847 formis,
740 1760 804 1826 sub
819 1760 945 1850 quibus
963 1760 1026 1853 elle
1041 1763 1224 1854 (Spiritus)
1240 1789 1342 1852 saper
1357 1767 1453 1853 Apo·

227 1910 234 1915 -
284 1871 387 1938 stolus
412 1866 594 1948 descendit,
624 1873 660 1934 et
683 1866 806 1934 deinde
830 1869 872 1935 de
896 1868 1015 1953 donis,
1044 1872 1145 1939 etde
1169 1873 1451 1944 manifestatione

283 1978 459 2070 potentiae
483 1974 716 2042 admirabilis.
733 2002 748 2036 n
767 1975 817 2063 (1)
833 1975 901 2045 Hic
924 1984 1087 2066 negatur,
1105 1979 1301 2048 missionem
1324 1983 1452 2051 referri

285 2087 328 2155 ad
352 2087 463 2176 ipsam
487 2105 667 2174 personam
693 2081 848 2172 Spiritus
873 2083 1009 2168 Sancti,
1029 2084 1198 2176 siquidem
1222 2111 1262 2156 ea
1284 2092 1383 2157 unice
1398 2091 1452 2157 in·

284 2195 404 2283 telligi
420 2195 522 2262 debet
546 2193 587 2260 de
604 2191 829 2260 sensibilibus
846 2192 968 2259 formis
991 2215 1031 2262 ao
1055 2194 1225 2283 dadonis,
1245 2196 1349 2265 simul
1367 2220 1450 2265 vero

288 2305 495 2385 affirmatur,
523 2301 636 2390 ipsum
660 2299 831 2388 Spiritum
856 2299 1021 2367 Sanctum
1041 2301 1101 2391 qui
1125 2324 1207 2371 sane
1230 2304 1353 2373 divina
1375 2326 1452 2393 per-

285 2433 368 2481 sona
392 2417 456 2493 est,
475 2408 691 2477 descendisse
714 2429 819 2504 super
841 2406 1051 2496 Apostolos,
1082 2408 1234 2500 adeoque
1262 2413 1452 2493 secundum

285 2518 420 2587 Christi
443 2507 736 2606 pollicitationem
761 2514 871 2582 fuisse
895 2514 1038 2581 missum
1060 2516 1255 2605 Apostolis.
1284 2518 1381 2607 Ergo
1403 2528 1454 2588 to-

285 2627 392 2696 tidem
417 2625 534 2692 verbis
559 2646 626 2690 uno
651 2623 754 2693 hiatu
778 2622 868 2689 idem
892 2621 997 2690 simul
1014 2630 1167 2712 negatur
1191 2631 1227 2692 et
1242 2627 1451 2696 affirmatur.

352 2734 395 2801 In
411 2753 544 2800 summa
560 2755 637 2800 oum
650 2730 815 2798 Photiani
832 2730 1027 2800 missionem
1045 2731 1185 2800 divinas
1202 2756 1368 2822 personae
1384 2757 1453 2803 non

284 2844 322 2911 in
339 2866 486 2933 persona
499 2842 575 2930 ipsa
591 2840 823 2923 considerant,
843 2840 902 2907 sed
920 2840 1147 2907 tantummodo
1160 2843 1196 2909 in
1213 2844 1394 2912 effectibus
1408 2845 1455 2910 ad
1523 2843 1527 2851 '

287 2967 399 3045 cotra,
417 2949 562 3042 quinon
579 2953 663 3016 sunt
678 2954 753 3015 tota
769 2948 861 3015 ratio
878 2948 1065 3034 missionis,
1085 2951 1144 3018 sed
1165 2960 1247 3018 sunt
1263 2952 1399 3042 aliquid
1416 2955 1455 3018 in

286 3056 495 3140 terminasti
507 3081 604 3148 prtem
616 3077 764 3144 persona
778 3056 947 3140 mittitur,
963 3056 1020 3124 vel
1034 3082 1098 3147 qao
1113 3060 1361 3147 manifestator
1373 3061 1455 3127 mis·

284 3167 335 3235 sio
349 3187 524 3256 personae,
540 3164 651 3252 ipsam
665 3162 857 3231 doctrinam
870 3163 1061 3230 revelatam
1073 3164 1115 3232 de
1131 3165 1267 3233 unitate
1280 3171 1315 3234 et
1327 3165 1455 3234 distin-

286 3276 399 3345 ctione
416 3272 616 3340 divinarum
629 3293 853 3360 personarum
866 3269 1074 3360 perturbant
1087 3295 1126 3340 ac
1142 3277 1363 3362 pervertunt.
1383 3273 1455 3355 Qui

286 3407 370 3453 vero
385 3382 581 3448 missionem
593 3381 630 3446 in
647 3380 720 3446 sola
743 3379 913 3446 relatione
928 3381 1093 3469 personae
1112 3381 1235 3447 missae
1253 3382 1296 3448 ad
1312 3382 1456 3450 mitten-

285 3480 355 3560 tem
372 3495 556 3579 spectaret,
575 3488 607 3554 is
623 3510 684 3554 nec
698 3486 983 3575 supernaturales
1004 3487 1149 3555 effectus
1167 3493 1202 3554 et
1223 3487 1454 3556 elevationem

286 3605 479 3680 creaturae,
494 3619 556 3664 neo
568 3594 703 3685 plenem
716 3594 889 3662 notionem
907 3595 1093 3678 missionis,
1109 3619 1171 3664 nec
1186 3604 1369 3685 propterea
1386 3620 1454 3675 mo·

286 3709 347 3775 dos
364 3703 526 3797 loquendi
551 3703 754 3793 Scripturas
772 3705 813 3771 de
831 3703 994 3770 missione
1010 3704 1047 3769 in
1071 3713 1222 3793 tempore
1246 3711 1282 3771 et
1299 3704 1335 3770 in
1359 3728 1455 3772 crea-

286 3820 369 3883 tura
385 3813 459 3881 loco
484 3811 748 3900 circumscripta
772 3811 859 3878 satis
882 3809 1086 3900 explicaret.
1107 3811 1195 3878 Tum
1212 3833 1293 3899 ergo
1312 3816 1455 3879 aeterna

355 4012 399 4087 (1)
419 4015 536 4069 b'envoi
556 4015 592 4066 dn
611 4012 814 4079 Saint-Esprit
835 4011 905 4064 dans
925 4011 952 4064 le
971 4011 1070 4064 monde
1089 4027 1143 4078 par
1161 4013 1189 4064 le
1207 4013 1277 4064 Pers
1296 4014 1326 4063 et
1344 4013 1371 4064 le
1391 4013 1454 4066 Fils

233 4167 236 4175 ,
288 4108 349 4161 doit
368 4107 528 4159 s'entendre
549 4105 857 4171 cuiquemsat,comme
877 4103 904 4154 le
931 4103 1016 4152 firent
1037 4103 1078 4153 les
1106 4102 1221 4153 enciens
1253 4103 1389 4155 Docteurs
1418 4103 1452 4157 de

286 4197 409 4262 l'Eglise
428 4192 486 4267 (ll),
501 4192 616 4246 d'abord
635 4195 681 4245 des
694 4195 802 4260 formes
819 4192 958 4254 sensiblss,
976 4205 1041 4242 sous
1061 4191 1103 4242 les
1129 4192 1239 4256 quelles
1267 4191 1290 4240 il
1314 4191 1456 4270 deseendit

286 4305 335 4340 sur
353 4285 523 4352 lssApdtres
539 4286 566 4338 le
582 4286 649 4353 joar
675 4284 708 4336 de
736 4284 764 4335 la
790 4284 952 4348 Penteotte,
977 4280 1089 4333 ensuite
1120 4280 1154 4332 ds
1181 4280 1321 4333 l’effusion
1347 4281 1380 4332 de
1407 4297 1452 4335 sss

289 4378 360 4431 dous
381 4397 393 4425 s
416 4391 442 4442 p.
458 4374 520 4427 334.
