3120 4988
604 393 959 479 SCHOLIA

405 592 455 654 no
478 593 812 658 orssnarnnonan
835 597 1138 663 unoruornnnn

508 785 763 861 rosurur
802 789 1059 908 ennecu-

314 994 381 1071 nn
410 993 753 1076 Pcoonssronn
783 998 1015 1081 screnus
1043 999 1234 1080 senon.

633 1243 918 1300 *emme—
1008 1278 1019 1297 .

255 1541 443 1630 Postquam
459 1539 613 1606 Examen
630 1541 807 1608 doctrinae
821 1540 1040 1609 Macarianae
1057 1543 1125 1609 iam
1143 1542 1359 1634 aliquamdiu

189 1649 232 1717 ad
257 1648 384 1716 calcem
409 1647 661 1736 perduxeram,
695 1649 733 1714 in
765 1669 887 1715 manus
911 1671 1004 1718 meaa
1027 1648 1154 1717 incidit
1178 1651 1219 1718 de
1243 1650 1359 1718 eodem

190 1762 396 1845 argumento
420 1756 479 1823 sed
503 1755 583 1822 alia·
600 1756 770 1840 methodo,
797 1780 839 1825 ex
863 1757 945 1824 aliis
969 1757 1167 1847 principiis,
1186 1758 1230 1826 ad
1253 1758 1362 1826 elium

191 1886 331 1952 scopum
354 1869 512 1932 tractans
536 1863 740 1952 opusculum
764 1864 914 1932 hominis
939 1867 982 1933 ab
1004 1865 1164 1933 Ecclesia
1188 1865 1362 1945 catholica

191 1972 234 2040 ad
257 1971 655 2059 Neoprotestantismum
679 1979 859 2060 apostatae
883 1971 1023 2062 Iosephi
1047 1974 1204 2062 Langen,
1231 1973 1292 2064 qui
1308 1975 1362 2042 fa·

193 2080 356 2148 ventibus
379 2078 658 2168 persecutoribus
680 2079 858 2148 Ecclesiae
883 2081 1060 2169 stipendia
1088 2086 1124 2150 et
1153 2073 1360 2171 appellatio·

194 2208 269 2253 nem
308 2185 555 2254 uProfessoris
585 2187 782 2274 theologiae
814 2187 1037 2256 catholicae»
1071 2189 1202 2257 retinet
1216 2189 1289 2275 (l),
1319 2188 1362 2255 ab

194 2292 451 2381 oppugnatione
487 2293 653 2361 nimirum
689 2293 888 2383 theologiae
924 2293 1117 2364 catholicae
1152 2316 1272 2366 nomen
1307 2296 1360 2362 in-

195 2408 345 2467 vertens.

256 2507 405 2575 Errores
429 2509 467 2574 in
491 2508 556 2577 hac
582 2508 884 2599 «disquisitione»
911 2491 1138 2599 liangeniana
1154 2518 1238 2579 sunt
1254 2511 1363 2580 multi

190 2622 226 2684 et
249 2637 378 2705 graves
402 2639 470 2682 non
494 2617 592 2683 modo
615 2617 651 2683 in
675 2618 942 2706 interpretanda
970 2619 1131 2686 doctrina
1154 2617 1359 2708 Scripturas

191 2731 227 2793 et
249 2726 394 2792 Petrum
413 2724 454 2792 de
471 2725 689 2813 processione
706 2725 863 2813 Spiritus
880 2725 1001 2792 Sancti
1018 2747 1059 2791 ex
1077 2725 1181 2794 Patre
1199 2731 1235 2793 et
1249 2726 1356 2811 Filio,

191 2853 252 2899 seu
267 2854 309 2898 ex
327 2831 432 2898 Patre
450 2854 510 2920 per
525 2831 670 2915 Filium,
686 2831 722 2899 in
739 2831 945 2920 explicando
961 2832 1114 2920 genuino
1130 2855 1233 2900 sensu
1251 2834 1357 2901 huius

191 2939 365 3026 dogmatis
395 2940 571 3023 revelati,
608 2939 643 3005 in
674 2939 888 3007 aestimando
918 2941 995 3007 eius
1020 2939 1160 3021 valore,
1186 2948 1221 3007 et
1245 2962 1360 3009 conse·

191 3051 339 3136 quenter
362 3047 399 3112 in
423 3045 657 3114 declaratione
682 3046 794 3114 totius
818 3046 979 3134 mysterii
998 3044 1060 3113 SS.
1078 3046 1282 3132 Trinitatis3
1301 3049 1361 3115 sed

192 3152 338 3220 maxime
362 3153 397 3218 in
423 3153 649 3220 subversione
673 3151 841 3241 principii
865 3152 1025 3220 formalis
1042 3152 1218 3222 Ecclesiae
1242 3152 1362 3220 catho-

190 3259 303 3343 licae,
329 3259 366 3325 in
391 3260 616 3327 subversione
648 3259 788 3348 inquam
820 3259 1073 3327 indefectibilis
1095 3264 1131 3327 et
1154 3259 1360 3326 infallibilis

191 3340 489 3456 magisterii'tum
513 3369 556 3435 ad
588 3368 884 3436 conservationem
908 3374 982 3434 tum
1015 3366 1060 3434 ad
1092 3367 1361 3456 explicationem

192 3477 325 3565 integri
349 3477 498 3566 depositi
523 3477 761 3560 revelationis,
784 3477 848 3544 sub
872 3476 1076 3543 assistentia
1099 3482 1135 3544 et
1158 3475 1361 3544 inductione

192 3584 229 3650 in
254 3607 384 3651 omnem
410 3585 595 3651 veritatem
619 3607 680 3673 per
709 3585 880 3674 Spiritum
911 3583 1075 3652 veritatis
1105 3590 1361 3672 permanentem

193 3715 269 3760 eum
292 3691 452 3760 Ecclesia
474 3691 511 3758 in
536 3701 726 3778 aeternum3
754 3693 854 3760 euius
878 3693 1016 3782 quidem
1040 3690 1361 3758 indefectibilitatis

191 3806 227 3866 et
250 3799 525 3868 infallibilitatis
542 3800 684 3888 negatio
700 3799 843 3889 propria
860 3801 971 3867 forma
986 3807 1052 3881 est,
1072 3798 1146 3866 sola
1162 3803 1363 3867 constanter

260 4015 307 4093 (1)
322 4021 499 4074 Inscribitur
517 4022 650 4074 libellus:
674 4040 687 4067 a
702 4022 741 4072 De
762 4018 885 4072 dissidio
903 4018 981 4070 inter
1000 4016 1203 4071 occidentalem
1222 4021 1252 4071 et
1270 4018 1363 4070 orien-

193 4111 280 4163 talem
299 4112 453 4164 Ecclesiam
474 4112 504 4164 in
525 4111 653 4164 doctrina
677 4110 720 4175 dess
735 4111 917 4162 Trinitas.»
938 4111 991 4161 Die
1005 4109 1216 4162 Trinitatisohe
1230 4109 1362 4163 Lehrdil-

194 4200 289 4252 larena
318 4201 458 4254 awiscben
481 4201 531 4253 der
554 4198 832 4253 abendlaendiechen
855 4199 913 4251 und
937 4198 1236 4264 morgenlaendlachen
1257 4199 1363 4250 Kircbe

193 4289 264 4340 Eine
274 4287 617 4354 dogmengeschiohtliche
631 4290 849 4353 Untersuohung
859 4306 916 4341 von
928 4291 978 4341 Dr.
990 4291 1008 4342 J
1011 4289 1096 4356 oseph
1107 4290 1224 4355 Langen
1236 4287 1357 4342 ordantl.

194 4378 340 4432 Professor
350 4379 400 4431 der
416 4379 821 4459 katholiscbenl'beologiean
832 4377 1358 4434 derUniversitaetBonn.Bonn1876.
