3158 4980
738 292 775 305 -
798 259 857 321 228
877 291 915 305 -

246 367 417 452 redditus,
443 373 480 436 et
503 368 539 433 in
564 365 668 434 tertio
691 364 890 433 testimonio
914 363 1092 432 Ambrosii
1116 365 1306 435 verborum
1332 389 1425 436 com-

248 475 412 565 pendium
435 474 567 543 iaotum
591 478 658 542 est.

315 586 350 668 a)
373 582 579 654 Ambrosius
602 581 780 670 explicat,
818 579 985 668 quomodo
1007 579 1137 650 Matth.
1167 582 1197 649 I.
1227 583 1284 649 18.
1316 584 1425 650 beata

249 690 360 778 Virgo
384 689 481 757 diota
504 688 553 756 sit
579 689 646 755 oin
671 697 770 757 utero
793 688 923 757 hahens
940 711 982 755 ea
997 691 1136 778 Spiritu
1152 695 1288 761 Soaoto.
1302 718 1319 752 n
1341 693 1426 759 Par-

248 798 361 865 ticula
385 822 438 879 ea,
463 797 592 888 iuquit,
611 797 746 864 indicat
762 797 932 886 originem
953 797 1009 865 vel
1027 822 1068 863 eto
1084 799 1294 880 substantia,
1313 804 1427 890 atque

250 905 301 971 ita
323 927 365 972 ex
400 906 505 972 Patre
535 913 589 971 est
622 903 762 988 Filius,
800 926 841 971 ex
871 905 976 971 Patre
1006 911 1041 972 et
1063 904 1159 972 Filio
1182 911 1236 972 est
1260 905 1427 993 Spiritus

249 1013 410 1098 Sanctus;
438 1012 493 1080 vel
518 1012 653 1079 indicat
676 1011 849 1100 originem
880 1036 921 1077 ea
950 1027 1120 1100 potestate
1148 1028 1180 1078 ot
1204 1016 1423 1101 operatione,

250 1128 353 1211 utque
376 1122 429 1189 ita
452 1144 494 1189 ex
519 1120 658 1210 Spiritu
683 1121 810 1189 Sancto
835 1122 867 1190 b.
893 1120 1006 1210 Virgo
1031 1122 1200 1211 concepit.
1231 1122 1426 1204 «Quodex

248 1229 367 1319 aliquo
390 1234 455 1313 est,
481 1233 544 1296 aut
566 1249 608 1295 ex
632 1229 832 1297 substantia
855 1235 908 1296 est
931 1236 994 1297 aut
1010 1250 1052 1296 ex
1074 1234 1245 1319 potestate
1264 1230 1344 1298 eius
1357 1229 1423 1317 (1).

248 1337 303 1403 Ex
327 1335 537 1419 substantia,
565 1336 658 1404 siout
678 1337 810 1420 Filius,
830 1337 892 1427 qui
915 1337 979 1405 ait:
1006 1360 1048 1404 ex
1070 1361 1127 1405 ore
1151 1337 1320 1405 altissimi
1346 1360 1427 1427 pro·

250 1445 337 1530 divi;
364 1444 458 1512 sicut
483 1443 651 1532 Spiritus,
679 1447 741 1535 qui
757 1469 779 1510 a
797 1441 905 1511 Patre
924 1445 1082 1532 procedit
1105 1447 1171 1531 (Io.
1189 1446 1268 1514 XV.
1286 1446 1362 1530 25),
1382 1446 1429 1514 de

250 1574 317 1640 quo
340 1552 427 1620 dicit
449 1551 578 1619 Filius:
605 1552 667 1618 itte
690 1576 740 1618 otc
763 1552 984 1640 clarificabit,
1009 1553 1159 1645 qaia-de
1181 1577 1250 1619 meo
1275 1556 1429 1643 accipiet

249 1660 314 1748 (Io.
341 1659 440 1727 XVI.
459 1658 539 1746 14);
567 1681 609 1726 ex
632 1665 806 1748 potestate
837 1664 978 1743 autem,
1005 1661 1099 1728 sicot
1122 1659 1212 1728 illud
1236 1666 1303 1728 est:
1332 1683 1429 1728 uuus

248 1769 342 1836 Deus
366 1769 482 1852 Pater,
508 1789 550 1834 ex
575 1788 641 1859 quo
666 1770 792 1835 omnia.
819 1767 994 1849 Quomodo
1018 1790 1103 1856 ergo
1119 1768 1156 1834 in
1173 1775 1276 1835 utero
1293 1768 1430 1837 habuit

248 1876 363 1946 Maria
385 1899 427 1944 ex
452 1875 590 1965 Spiritu
614 1875 742 1945 Sancto
752 1877 825 1946 l...
841 1875 952 1957 euasi
975 1899 1018 1943 ex
1043 1877 1243 1965 operatione
1266 1885 1303 1948 et
1331 1887 1429 1968 pote·

252 1992 343 2055 etate
368 1985 443 2053 eius
467 1984 578 2073 Virgo
602 1986 759 2074 concepit
773 2011 789 2047 n
807 1983 969 2052 Ambros
984 1984 1026 2052 de
1040 1983 1165 2073 Spirit.
1185 1986 1222 2052 S.
1239 1984 1264 2052 1.
1279 1985 1332 2053 ΙΙ.
1348 2008 1378 2055 c.
1391 1987 1427 2056 ὅ.

251 2117 285 2162 n.
303 2093 542 2188 423Evideus
566 2097 643 2177 est,
680 2093 903 2160 Ambrosium
933 2091 1068 2179 duplici
1100 2097 1201 2160 textu
1229 2093 1429 2183 Evangelii

254 2199 445 2285 declarare,
471 2224 512 2267 ea
536 2203 632 2266 caius
655 2201 852 2266 substantia
875 2199 924 2266 ait
947 2197 1104 2287 Spiritus
1127 2198 1292 2284 Sanctus,
1321 2202 1428 2270 uimi-

252 2331 329 2377 rum
354 2315 407 2376 est
430 2318 472 2374 eat
492 2310 688 2375 substantia
712 2308 835 2374 Patrio
857 2307 959 2374 iuxta
982 2305 1034 2374 Io.
1052 2306 1131 2373 XV.
1147 2306 1202 2374 26.
1222 2313 1259 2376 et
1282 2332 1327 2375 ea
1351 2310 1428 2376 aad·

250 2417 385 2481 utactio
407 2416 500 2483 Filii
521 2415 624 2483 iuxta
646 2415 698 2484 Io.
717 2414 816 2483 XVI.
831 2414 886 2482 14.
911 2415 987 2482 Hoc
1010 2413 1160 2482 alteram
1184 2414 1302 2483 eodem
1324 2417 1426 2485 modo

253 2523 381 2591 iterum
405 2523 620 2592 demonstrat
644 2524 749 2614 paulo
773 2522 924 2591 iuferius
948 2521 1115 2611 (c.12.n.
1135 2521 1243 2608 134).
1265 2523 1423 2592 «Omnia

252 2632 387 2722 accepit
402 2653 423 2696 a
438 2633 543 2699 Patre
565 2630 693 2716 Filius,
721 2631 803 2720 quia
826 2631 899 2719 ipse
916 2630 1188 2698 dixit....omuia
1211 2653 1300 2722 quae
1316 2632 1422 2702 Pater

255 2739 371 2822 habet,
397 2761 472 2806 mea
494 2745 578 2805 sunt
594 2737 660 2826 (Io.
678 2738 776 2807 XVI.
792 2738 861 2824 15);
877 2742 913 2805 et
929 2759 1017 2828 quae
1033 2739 1166 2827 aceepit
1182 2738 1257 2828 ipse
1271 2740 1419 2827 (Filius)

254 2869 315 2937 per
339 2847 511 2914 unitatem
534 2853 693 2929 naturae,
721 2869 762 2912 ea
788 2849 861 2933 ipso
880 2841 945 2934 pet·
969 2846 1115 2914 camdem
1136 2852 1308 2915 unitatem
1333 2875 1417 2918 accc·

252 2957 309 3045 pit
332 2969 364 3021 et
387 2956 555 3042 Spiritus,
580 2957 670 3020 sicat
693 2955 765 3040 ipae
788 2954 954 3019 Dominus
977 2955 1074 3021 Iesus
1097 2954 1264 3039 declarat,
1283 2957 1326 3024 de
1348 2961 1424 3049 Spi·
1447 3036 1504 3067 .-

254 3064 327 3127 rita
350 3086 409 3126 tuo
434 3062 557 3129 diceas:
577 3075 759 3150 propterca
783 3061 863 3127 disci
879 3111 890 3143 ‚
905 3059 944 3127 dc
967 3086 1036 3127 meo
1061 3065 1208 3151 accipiet
1232 3078 1265 3130 et
1288 3091 1423 3133 anaan-

255 3169 361 3235 tt’abit
383 3169 507 3235 oobion
535 3169 664 3256 (ibid).

318 3277 421 3344 Nunc
444 3276 528 3343 audi
551 3277 693 3345 crimen.
714 3276 1072 3345 Petrus-Lombardus
1090 3278 1205 3347 looum
1221 3280 1330 3348 istum
1347 3306 1420 3372 pro·

192 3414 205 3435 ·
253 3385 413 3453 lixiorem
438 3385 565 3473 capitis
589 3385 622 3451 2.
649 3384 826 3453 contraxit
849 3385 885 3451 iu
908 3385 1146 3473 compendium
1163 3393 1306 3457 servato
1324 3391 1421 3480 plane

254 3513 357 3561 sensu
382 3492 559 3580 genuino;
594 3491 725 3582 hocque
748 3500 802 3560 est
832 3497 944 3561 totum
966 3494 1099 3582 grande
1124 3495 1261 3581 scelus,
1288 3499 1420 3590 dequo

252 3599 419 3690 Photiaui
441 3600 643 3689 tragoedias
668 3601 771 3669 cient.
790 3601 841 3669 De
867 3603 991 3670 fraude
1014 3603 1083 3671 iam
1108 3603 1184 3672 ideo
1209 3629 1321 3674 sermo
1346 3631 1417 3677 esse

254 3707 387 3797 nequit,
415 3707 498 3799 quia
520 3708 736 3776 Lombardus
753 3709 869 3776 verbis
884 3709 1062 3779 Ambrosii
1078 3734 1120 3780 ne
1145 3712 1261 3782 utitur
1285 3716 1422 3804 quidem

254 3812 297 3881 ad
321 3813 533 3902 probandam
558 3813 715 3904 Spiritus
740 3813 861 3883 Sancti
886 3817 1140 3905 processionem
1164 3842 1206 3887 ex
1229 3821 1338 3905 Filio,
1365 3823 1422 3889 sed

253 3929 294 3987 ut
317 3923 449 4009 probet,
472 3923 574 3991 adici
590 3923 772 3992 Christum
797 3924 984 3993 secuudum
1011 3925 1183 3994 hominem
1201 3928 1279 3995 ideo
1302 3936 1421 3997 natum

251 4027 293 4095 de
317 4029 457 4118 Spiritu
482 4031 621 4115 Sancto,
649 4032 732 4123 quia
748 4054 827 4100 eum
842 4033 941 4101 feoit.
958 4060 973 4095 n
990 4033 1236 4124 compendium
1255 4037 1423 4125 Magistri

323 4186 367 4261 (1)
383 4193 523 4246 Macarius
537 4195 582 4246 vel
599 4195 662 4246 eius
674 4197 817 4262 interpres
828 4196 954 4249 Gallicus
968 4196 1037 4250 haec
1049 4212 1105 4251 uon
1119 4200 1289 4264 intelligens
1311 4203 1421 4255 insulso

256 4281 356 4332 vertit:
378 4281 439 4332 «Oa
460 4281 508 4348 qni
528 4286 572 4335 est
591 4284 659 4334 d’aa
678 4286 791 4348 homme,
805 4290 849 4337 est
867 4284 901 4337 de
920 4301 971 4337 sou
987 4302 1101 4339 csseuoo
1126 4304 1159 4341 on
1174 4288 1209 4341 de
1228 4305 1278 4341 son
1291 4294 1419 4357 panocla·

254 4368 287 4423 do
307 4369 450 4436 l’ossence,
471 4386 572 4424 comme
592 4372 619 4426 le
637 4373 709 4440 dile,
730 4373 779 4440 qui
799 4379 843 4427 est
863 4374 898 4427 du
918 4377 988 4429 Pero
1002 4399 1015 4425 n
1035 4381 1088 4430 etc.
