3120 4988
693 322 732 336 -
753 289 792 350 62
813 322 848 335 -

187 383 421 461 detestantur.
447 393 539 463 Hinc
563 417 665 483 porro
688 394 845 464 Basilius
869 394 1002 485 aliique
1020 416 1097 462 cum
1114 393 1191 482 ipso
1205 390 1368 459 doctores

190 502 326 586 quoties
351 504 524 593 Spiritum
547 505 754 593 praedicant
772 503 866 571 Filio
890 502 1240 584 consubstantialem,
1259 501 1368 568 toties

189 625 230 670 ex
249 604 326 694 ipsa
343 613 482 698 propris
499 613 634 678 ratione
650 610 1045 690 consubstantialitatis,
1062 615 1167 700 q'uam
1185 613 1364 693 statuunt,

190 715 400 798 profitentur
422 718 554 786 Filium
582 720 792 808 principium
816 741 890 787 esse
915 716 1072 805 Spiritus
1096 715 1233 784 Sancti.

258 821 300 887 3ἰο
321 825 440 894 Audet
459 827 640 894 'Macarius
658 827 884 909 comminisci,
901 828 1072 912 Spiritum
1090 825 1212 892 Putris
1227 835 1259 888 et
1276 822 1368 890 Filii

185 948 292 1016 -posse
316 955 382 1000 non
409 956 587 1021 personam
613 935 793 1017 divinam,
820 935 879 1001 sed
903 932 1143 1000 tantummodo
1175 931 1253 998 eius
1277 930 1369 998 dona

195 1035 365 1125 intelligi.
389 1039 440 1106 At
456 1041 610 1130 profecto
633 1041 697 1109 hoc
721 1041 811 1107 nihil
836 1048 891 1108 est
914 1039 1024 1122 aliud,
1044 1062 1145 1129 quam
1163 1046 1368 1125 pervertere

195 1143 456 1232 Scripturarum
483 1170 621 1215 sensum
650 1148 990 1230 manifestissimum,
1009 1148 1044 1212 in
1063 1147 1191 1236 quibus
1207 1144 1368 1233 Spiritus

196 1253 315 1322 Patris
331 1263 366 1320 et
381 1255 468 1322 Filii
487 1269 527 1323 ut
543 1278 649 1324 causa
665 1257 832 1323 donorum
853 1262 888 1322 et
905 1257 994 1321 dona
1018 1256 1094 1342 ipsa
1119 1262 1160 1320 ut
1185 1253 1262 1320 eius
1286 1255 1370 1320 etie-

196 1362 418 1458 ctusubique
443 1364 731 1453 distinguuntur,
751 1371 856 1455 atque
873 1368 925 1431 ita
941 1386 1017 1431 cum
1035 1361 1235 1429 Sociniauis
1252 1369 1289 1427 et
1302 1359 1370 1428 Ra·

198 1467 394 1536 tionalistis
419 1471 587 1541 deducere
612 1473 654 1540 ad
673 1473 891 1562 negationem
908 1471 1019 1560 ipsius
1033 1492 1198 1558 personae
1212 1466 1371 1557 Spiritus

198 1577 331 1646 Sancti.
359 1578 512 1646 Canoues
537 1581 704 1670 quomodo
728 1603 847 1647 nomen
873 1581 1020 1666 spiritus
1056 1579 1131 1644 sine
1155 1577 1312 1646 articulo
1336 1585 1371 1644 et

197 1685 272 1752 siue
295 1687 415 1754 addito
441 1686 590 1776 positum
615 1688 657 1753 de
688 1688 790 1755 donis
813 1697 876 1754 aut
909 1684 1199 1774 dispositionibus
1225 1685 1367 1766 creatis,

197 1813 274 1860 cum
299 1793 451 1862 articulo
474 1805 589 1861 autem
615 1801 671 1881 (ro
697 1801 844 1884 ursopu)
870 1792 923 1860 vel
951 1816 1026 1860 cum
1053 1792 1174 1859 addita
1205 1791 1370 1882 determi-

197 1901 339 1987 natione
364 1905 520 1988 Spiritus
545 1905 713 1979 Sanctus,
739 1903 893 1989 Spiritus
928 1901 995 1967 Dei
1010 1947 1019 1982 ,
1045 1901 1199 1987 Spiritus
1234 1899 1370 1977 Patris,

198 2008 354 2094 Spiritus
380 2011 472 2076 Filii
495 2010 762 2098 intelligendum
788 2009 836 2074 sit
859 2007 1081 2096 hypostatice
1102 2007 1143 2072 de
1161 2006 1271 2071 tertia
1294 2027 1373 2091 per-

200 2139 283 2182 sona
308 2115 373 2183 SS.
393 2102 595 2199 Trinita‘tis,
623 2118 756 2204 prolixe
781 2116 893 2184 tradit
917 2139 944 2182 s.
963 2114 1183 2180 Athanasius
1207 2113 1244 2179 in
1269 2136 1324 2201 ap.
1340 2113 1371 2180 I.

200 2224 244 2291 ad
262 2224 442 2311 Serapion.
458 2249 491 2292 n.
503 2226 537 2291 4.
549 2249 623 2314 sqq.
635 2229 681 2291 cf.
697 2224 763 2311 Epi
771 2224 933 2310 phanium
952 2222 1089 2289 advers.
1107 2219 1241 2288 haeres.
1259 2219 1286 2287 l.
1301 2217 1371 2288 ΙΙΙ.

202 2330 336 2397 haeres.
355 2332 464 2398 74.11.
483 2331 515 2399 9.
535 2332 679 2398 Petrum
706 2331 825 2398 nullus
841 2337 907 2410 est,
927 2329 986 2419 qui
1007 2330 1100 2396 hisce
1125 2327 1222 2411 loeis,
1241 2329 1276 2393 in
1297 2329 1376 2418 qui-

204 2438 268 2504 bus
299 2437 453 2524 Spiritus
478 2439 599 2505 Patris
631 2437 663 2504 et
691 2440 783 2505 Filii
814 2438 1028 2518 celebratur,
1056 2460 1124 2502 non
1157 2434 1376 2504 intellexerit

203 2545 313 2628 ipsam
338 2567 517 2633 personam
541 2544 697 2633 Spiritus
721 2545 855 2627 Sancti,
870 2545 956 2610 adeo
983 2543 1098 2612 atilli
1126 2545 1194 2630 ipsi
1218 2544 1261 2610 ad
1288 2565 1376 2634 quos

137 2695 141 2703 ·
202 2645 378 2714 Macarius
402 2659 589 2736 provocat,
616 2651 774 2717 Basilius
798 2658 920 2717 eontra
943 2649 1088 2717 Eunom.
1115 2648 1159 2716 V.
1177 2672 1208 2736 p.
1227 2645 1314 2727 305,
1341 2655 1378 2716 et

202 2753 439 2822 Damasceuus
463 2757 500 2822 in
526 2757 617 2826 hom.
636 2757 778 2823 Sabbat.
810 2755 928 2824 Sanet.
950 2782 985 2824 n.
1000 2757 1039 2838 4,
1066 2777 1228 2840 expresse
1260 2752 1376 2821 decla·

203 2869 301 2946 rent,
329 2865 392 2933 bac
424 2867 659 2954 appellatione
697 2890 875 2954 personam
901 2865 1059 2954 Spiritus
1083 2863 1205 2931 Sancti
1229 2865 1378 2954 eiusque

203 2972 407 3039 relationem
425 2973 467 3040 ad
486 2975 623 3040 Patrem
639 2987 683 3044 ¹et
706 2974 836 3041 Filium
859 2973 1123 3060 intelligendam
1140 2992 1228 3037 esse.
1247 2969 1379 3066 chum

205 3079 333 3146 Basilii
365 3081 535 3169 descripsi
571 3084 606 3148 in
632 3080 901 3166 'PhXXXlll3
937 3082 1174 3147 Damascenus
1199 3100 1282 3145 vero
1314 3101 1378 3146 cur

206 3185 377 3272 Spiritum
400 3188 493 3254 Filii
508 3210 574 3254 nou
599 3211 641 3253 eu
665 3190 759 3255 Filio
784 3190 842 3257 sed
868 3212 909 3253 ex
928 3189 1034 3253 Patre
1055 3208 1116 3272 per
1139 3185 1274 3252 Filium
1299 3208 1379 3274 pro·

207 3293 327 3362 cedere
343 3295 487 3380 dixerit,
506 3309 682 3364 ostensum
707 3306 761 3365 est
784 3298 821 3364 in
847 3295 913 3364 Th.
932 3293 1100 3362 XXXVI.

374 3469 408 3545 §.
426 3462 470 3530 V.
497 3463 548 3527 De
566 3462 717 3562 *Petrum
741 3476 773 3526 et
798 3460 1029 3549 theoloporum
1053 3457 1211 3523 doctriua

480 3592 521 3636 eu
546 3568 680 3638 Christi
703 3572 847 3638 actione.
874 3569 925 3638 Io.
943 3569 1023 3636 XX.
1043 3567 1098 3635 22.

275 3733 454 3800 Postrema
476 3731 625 3801 Macarii
648 3730 844 3821 disputatio
875 3737 997 3797 contra
1020 3729 1227 3814 argumenta
1251 3721 1382 3791 biblica

209 3845 264 3906 est
287 3840 481 3909 deuotione
498 3851 591 3908 certe
608 3839 801 3929 symbolica
816 3837 951 3905 Christi
968 3833 1120 3916 Domini,
1139 3831 1279 3924 quando
1298 3858 1314 3894 a
1330 3830 1384 3898 in·

210 3946 368 4017 sufflavit
379 3958 415 4015 et
427 3949 520 4016 dixit
535 3949 585 4016 eis
602 3947 824 4036 (Apostolis),
840 3944 992 4034 accipite
1004 3941 1177 4031 Spiritum
1192 3940 1381 4005 Sanctum»

211 4054 277 4142 (lo.
296 4054 376 4122 XX.
395 4055 465 4141 22).
492 4056 592 4123 Hanc
615 4077 693 4122 cum
710 4054 772 4121 ille
794 4052 927 4142 reperit
949 4051 1041 4142 apud
1057 4048 1238 4134 theologos
1262 4043 1383 4113 catho-

209 4163 298 4230 licos
320 4164 529 4251 explicatam
554 4163 655 4232 velut
678 4163 847 4229 indicium
872 4183 911 4227 ac
935 4158 1129 4247 symbolum
1153 4152 1385 4245 processionis

214 4268 370 4358 Spiritus
382 4269 470 4338 Filii
493 4271 599 4338 etiam
618 4294 659 4338 ex
675 4270 792 4355 Filio;
814 4269 849 4336 id
866 4287 989 4356 magno
1007 4264 1195 4354 supercilio
1211 4260 1380 4356 explodit.

212 4375 445 4447 Nihildicam
462 4377 503 4445 de
519 4375 790 4466 sapientissimis
805 4374 882 4442 eius
899 4367 1272 4451 animadversionibus,
1292 4370 1383 4458 quod
