3120 4988
735 308 772 321 -
790 276 854 338 ,188
873 308 911 322 -

283 405 342 472 per
365 382 552 470 Apostolos
583 380 763 449 Christum
787 382 853 449 Dei
882 381 1052 450 virtutem
1075 384 1113 450 et
1134 381 1200 450 Dei
1223 381 1462 470 sapientiem,

283 493 393 559 Deum
419 498 539 559 verum
561 495 598 555 et
620 489 797 576 proprium
820 489 886 557 Dei
916 489 1071 572 Filium,
1099 511 1244 579 quornm
1274 490 1463 578 praedica-

283 601 379 667 tioni‘
388 622 450 667 nos
467 604 540 666 toto
556 598 657 666 eorde
673 597 922 681 consentimus,
940 599 995 662 eil
1012 600 1147 676 omnino
1163 621 1277 691 eorum
1292 597 1464 665 addentes

188 695 190 700 ’
283 707 336 774 uel
359 710 546 774 minuentes
569 704 825 774 sacratissimae
849 706 1050 789 doctrinae,
1077 706 1130 773 vel
1152 707 1354 772 wesemale
1371 731 1462 794 eym-

285 815 372 896 bolo,
396 815 449 882 cel
472 815 722 880 ecclesiastieae
744 812 995 896 consuetudini,
1010 812 1067 880 sed
1089 829 1215 881 nosmet
1239 816 1332 902 ipsos
1359 817 1463 880 intra

285 925 443 990 terminos
471 936 642 1010 paternae
676 919 880 987 traditionis
903 936 937 988 et
960 922 1148 988 catholicae
1164 921 1252 1008 fidei
1272 921 1461 988 acritatem

277 1031 427 1120 firmiter
449 1042 665 1095 statuentem
692 1027 793 1112 (ibid.
812 1052 847 1095 n.
867 1027 949 1114 14.).
976 1029 1092 1096 Monet
1114 1029 1339 1117 Elipandum:
1362 1053 1460 1098 aneo

284 1158 371 1205 noea
395 1137 569 1226 quaelibet
588 1137 730 1206 ,aomina
760 1137 944 1222 permittas
979 1138 1136 1224 paternis
1158 1138 1266 1205 inseri
1290 1138 1460 1207 traditio·

284 1248 430 1314 nibus...
457 1246 522 1310 nee'
538 1269 658 1311 novom
674 1244 1000 1332 adoptionienomen
1018 1248 1055 1310 in
1070 1245 1220 1328 Christo,
1237 1253 1273 1315 et
1288 1247 1332 1313 eb
1348 1246 1459 1316 initio

285 1353 495 1443 spostolicae
520 1352 794 1440 praedicationis
816 1351 943 1419 mundo
967 1353 1165 1422 inauditum
1191 1354 1377 1442 permittas
1404 1377 1458 1422 so·

285 1460 365 1529 nari
389 1461 445 1529 vel
469 1459 542 1547 legi
566 1458 623 1528 vel
647 1459 845 1548 praedicari
876 1459 1086 1529 christianis
1109 1461 1288 1530 auribus»
1314 1466 1385 1552 (ep.
1412 1463 1458 1531 ad

284 1569 449 1658 Elipand.
470 1593 504 1636 n.
524 1567 557 1635 1.
576 1569 695 1655 Migne
709 1567 767 1638 CI.
786 1592 819 1655 p.
838 1568 948 1652 236.).
969 1569 1216 1658 Conqueritur,
1234 1569 1459 1658 Adoptianos

287 1676 356 1743 ain
380 1676 505 1744 ultimo
521 1684 672 1763 tempore
685 1675 804 1743 mundi
828 1700 915 1741 eooa
939 1677 1107 1765 quaedam
1121 1680 1274 1760 aomina,
1291 1677 1458 1745 inaudite

285 1782 410 1872 priscis
432 1783 657 1870 temporibus,
676 1783 810 1870 fingere
833 1783 875 1850 de
897 1782 1032 1850 Christi
1055 1784 1195 1852 Domini
1218 1785 1455 1869 humanitate,

285 1890 342 1961 vel
366 1889 556 1959 divinitate
580 1896 696 1980 (quam
719 1912 839 1976 nempe
862 1890 1025 1959 dicebant
1039 1894 1323 1980 nuncupativam)
1338 1892 1456 1976 illins,

285 1997 346 2088 qni
369 2019 410 2065 ex
434 1997 583 2085 Virgine
617 2004 723 2065 natus
746 2004 829 2064 este
855 2003 947 2066 cont.
966 1998 1118 2067 Felicem
1142 2000 1216 2068 1.1.
1236 2000 1331 2087 n.4;
1359 2006 1455 2069 cont.

283 2105 450 2196 Elipand.
469 2104 577 2173 LIV.
607 2129 644 2174 n.
671 2104 725 2173 14.
750 2105 922 2194 Appellat
954 2125 1012 2174 eos
1045 2131 1196 2175 «nouom
1227 2099 1458 2199 stemmate

154 2224 156 2230 ’
285 2212 491 2302 temporibus
515 2211 711 2277 inauditam
733 2225 856 2278 sectam
874 2238 890 2270 s
917 2220 1009 2282 cont.
1027 2212 1137 2284 Folio.
1154 2213 1181 2282 l.
1200 2211 1231 2282 Ι.
1249 2238 1284 2282 n.
1303 2215 1337 2301 7;
1355 2214 1382 2284 l.
1401 2215 1454 2285 II.

283 2346 319 2390 n.
334 2321 389 2407 103
402 2343 460 2409 ep,
472 2319 516 2386 ad
532 2319 757 2405 Laidradum;
773 2328 864 2389 cont.
876 2320 1043 2411 Elipand.
1060 2322 1121 2390 1.Ι.
1136 2347 1171 2391 n.
1191 2322 1245 2409 163
1260 2322 1287 2389 l.
1302 2322 1454 2393 Iv.n.5.

351 2428 434 2496 Sina
458 2427 532 2496 ullo
555 2428 676 2518 itaque
711 2428 835 2512 dubio,
862 2451 951 2521 quse
974 2429 1149 2498 Aleuinus
1176 2430 1213 2497 in
1236 2429 1390 2520 epistola
1410 2431 1457 2500 ed

285 2537 548 2625 Lugdunenses
565 2535 692 2603 soribit
715 2536 756 2604 de
782 2560 904 2607 unove
927 2544 1024 2608 secte
1058 2537 1243 2625 Hispanioi
1273 2539 1457 2626 erroris,·o
1489 2608 1492 2613 Α

284 2650 322 2711 et
352 2643 394 2711 de
420 2641 550 2711 enoris
573 2643 729 2731 symbolo
751 2666 820 2710 non
843 2643 1085 2728 inserendis,n
1110 2645 1316 2714 referuntur
1337 2646 1458 2717 omnia
1491 2693 1496 2701 ·
1531 2696 1542 2705 -

285 2751 329 2820 ad
352 2773 503 2821 errorem
527 2751 693 2836 eundem,
720 2773 788 2841 quo
811 2751 992 2821 Christum
1015 2752 1187 2821 hominem
1211 2755 1375 2823 dicebant
1397 2753 1456 2825 Fi,

284 2859 371 2928 lium
395 2859 459 2928 Dei
483 2881 551 2926 non
574 2858 771 2927 naturalem
795 2860 855 2928 sed
879 2860 1095 2949 adoptivum,
1116 2878 1223 2951 atque
1238 2861 1293 2930 its
1308 2862 1456 2932 sieutin

284 2966 425 3035 Christo
441 2966 529 3032 dues
545 2986 723 3056 personas,
741 2964 794 3032 ita
811 2966 849 3032 in
865 2966 1021 3056 symbolo
1037 2967 1286 3054 professionem
1304 2977 1455 3059 quatuor

284 3095 508 3162 personarum
531 3073 766 3157 invehebant,
794 3097 864 3164 qua
887 3075 1176 3164 deioorruptione
1211 3077 1364 3165 symboli
1388 3078 1454 3146 iam

284 3180 422 3272 antiqui
446 3182 571 3248 Patres
606 3184 776 3251 adversus
807 3182 1008 3251 Nestorium
1038 3183 1217 3273 conquesti
1253 3188 1338 3252 sunt
1361 3186 1454 3272 (vide

286 3290 406 3358 Trsct.
432 3289 473 3357 de
496 3288 675 3356 Inoarnat.
703 3289 769 3358 Th.
788 3290 936 3374 XVII.).
963 3290 1063 3371 Quod
1097 3312 1179 3359 vero
1210 3291 1390 3361 Aloninus
1420 3293 1451 3373 io

286 3397 442 3486 proxime
467 3396 692 3485 sequentibus
708 3397 922 3484 agitoontra
945 3397 1193 3485 adoptianismi
1217 3398 1453 3485 haeresim,¹id

284 3519 352 3573 non
375 3504 487 3571 solum
510 3527 577 3570 non
601 3505 698 3570 obest
721 3503 780 3572 ssd
805 3505 918 3592 magis
944 3504 1147 3589 confirmet,
1174 3526 1262 3595 quas
1285 3506 1452 3578 diximus.

283 3613 439 3680 Primum
463 3611 558 3678 euim'
579 3610 772 3679 universim
795 3616 911 3678 monet
933 3610 1107 3681 cavendas
1136 3619 1247 3679 sectas
1270 3611 1460 3702 Hispanioi
1507 3676 1550 3690 ,

285 3721 435 3807 erroris,
461 3726 536 3787 tum
571 3718 736 3787 distincte
767 3718 851 3786 lieet
881 3717 1084 3787 brevissime
1115 3721 1278 3789 confutat
1310 3725 1465 3793 eundem
1500 3757 1550 3792 ,ι

284 3827 482 3917 adoptionis
498 3848 650 3895 errorem
675 3849 716 3893 ex
733 3824 944 3896 anctoritate
960 3825 1089 3915 synodi
1104 3826 1550 3902 Francofurthiensiae

285 3946 321 4008 et
343 3963 384 4007 ex
412 3940 574 4028 dogmate
605 3935 777 4006 catholico
800 3935 841 4003 de
866 3958 936 4003 uns
957 3956 1125 4025 persona,
1150 3936 1290 4006 Christo
1321 3940 1398 4008 Deo
1423 3936 1550 4010 effi

285 4035 434 4114 homine.

351 4154 447 4222 Illud
480 4153 569 4244 quod
593 4152 769 4222 Aloninus
793 4151 828 4218 in
854 4174 917 4220 sua
942 4150 1088 4242 epistola
1113 4154 1224 4240 addit,
1254 4159 1321 4224 aet
1342 4153 1382 4221 in
1406 4166 1550 4224 ec3=

286 4261 492 4332 clesiastiois
516 4263 638 4330 officiis
660 4261 841 4329 inauditas
858 4262 985 4350 priscis
1008 4267 1223 4355 temporibus
1245 4265 1550 4357 tradition?

285 4369 395 4438 nolite
419 4368 613 4459 diligeres
639 4367 833 4438 Frobenius
848 4370 991 4440 Forster
1015 4372 1130 4441 editor
1152 4375 1263 4443 refert
1285 4374 1330 4442 ed
1345 4373 1550 4443 salex-c
