3158 4980
695 317 732 329 -
754 283 813 344 272
834 316 872 328 -

201 391 358 482 Spiritus
383 391 504 459 Sancti
521 388 666 458 a'Patre
691 404 722 455 et
744 388 840 457 Filio
856 412 924 456 non
948 411 1023 458 esse
1039 390 1237 458 revelatum
1255 390 1368 479 dogma

199 501 293 584 fidei,
314 500 541 592 quantumvis
565 499 725 567 doctrina
741 499 811 565 iam
828 507 912 567 ante
930 504 1046 567 ortum
1063 497 1218 566 schisma
1235 499 1366 566 Photis·

200 633 284 676 num
308 609 466 676 unanimi
492 612 636 704 Patruus
663 630 831 674 consensu
864 607 1047 696 proposita
1071 607 1183 675 fuerit
1213 614 1250 675 et
1273 607 1372 696 expli·

202 723 294 799 cata,
321 715 463 783 admitti
486 738 554 782 non
579 719 738 802 possunt,
760 714 864 805 quin,
884 722 925 780 ut
949 713 1126 797 diximus,
1153 719 1371 802 pervertatur

201 829 313 889 totum
331 823 544 912 principium
562 821 792 890 Traditiouis.
820 821 989 889 Rationes
1012 821 1102 903 istas
1129 822 1373 909 Langenianas

204 929 323 998 hauet
347 931 576 1020 sequentibus
601 929 836 1018 paragraphis
861 953 921 1018 per
946 939 1065 1019 partes
1088 929 1373 998 examinabimus.

272 1037 390 1103 Prima
422 1036 493 1104 doli
526 1036 688 1103 machina
720 1037 920 1104 huiusmodi
944 1045 1009 1105 est.
1037 1038 1209 1104 Doctrina
1237 1039 1375 1129 (inquit)

207 1145 301 1212 inter
337 1144 490 1212 Graecos
527 1145 731 1228 communia,
759 1147 930 1234 Spiritum
956 1147 1122 1214 Sanctum
1148 1170 1170 1212 a
1193 1148 1309 1240 Patra
1324 1169 1377 1234 per

204 1253 338 1319 Filiam
352 1250 543 1340 procedere,
560 1252 776 1338 procederes
793 1255 900 1320 Patre
917 1269 949 1319 et
965 1257 1117 1342 occipere
1140 1279 1162 1320 a
1179 1256 1292 1338 Filio,
1307 1257 1376 1324 fun·

206 1362 362 1430 datorem
379 1360 619 1447 (Begrtinder)
639 1359 744 1426 habet
760 1360 1009 1436 Athanasium.
1026 1363 1082 1428 Ab
1098 1361 1301 1431 Athanasio
1314 1385 1377 1430 eam

205 1459 369 1534 Hilarius
393 1467 541 1536 deduxit
565 1468 601 1534 in
627 1468 838 1535 occidentem
863 1471 913 1556 (p.
932 1468 1010 1536 123.
1035 1471 1142 1556 lat).
1168 1471 1271 1538 Unde
1295 1472 1377 1539 Lan·

206 1599 273 1664 gan
307 1575 405 1643 modo
429 1574 594 1665 loquendi
626 1575 775 1662 genuine
800 1576 1059 1644 Protestantioo
1088 1577 1196 1644 etiam
1228 1578 1379 1668 'appellat

210 1712 226 1748 a
242 1685 464 1772 posteriorem
479 1682 719 1750 orthodoxiam
736 1685 1048 1751 Athanasiauamn
1075 1691 1123 1773 (p.
1142 1682 1230 1770 80.).

273 1792 504 1879 Augustinus
528 1791 719 1858 censendus
743 1797 796 1858 est
823 1813 964 1859 uverus
988 1799 1112 1861 auctor
1137 1793 1320 1863 doctrinae
1335 1817 1380 1863 oc·

209 1899 428 1970 cidentalisn
455 1900 531 1984 (der
555 1898 770 1986 cigentliche
792 1899 949 1967 Urheber
974 1900 1035 1967 der
1066 1901 1380 1971 ahendlandischen

209 2009 352 2093 Lehre),
368 2007 544 2097 Spiritum
559 2008 742 2096 procedere
758 2029 778 2074 a
794 2009 900 2075 Patre
917 2016 952 2076 et
964 2008 1059 2075 Filio
1074 2012 1121 2097 (p.
1138 2009 1194 2076 63.
1207 2010 1264 2079 76.
1277 2011 1378 2095 lta).

274 2115 435 2205 Seposito
458 2113 659 2183 discrimine
695 2115 788 2183 inter
824 2115 1035 2204 particulam
1059 2141 1081 2180 a
1104 2117 1228 2198 Filio,
1263 2125 1301 2186 et
1322 2141 1377 2205 per

209 2225 356 2305 Filium,
382 2222 423 2290 de
447 2245 516 2313 qua
538 2222 767 2310 Langeniana
790 2222 929 2291 fictione
952 2227 988 2290 et
1011 2224 1290 2294 contradictione
1314 2227 1377 2294 iam

147 2316 148 2319 ¹
209 2331 363 2420 egimus,
390 2337 583 2420 spectemus
606 2329 683 2398 heio
712 2331 965 2416 tantummodo,
993 2320 1081 2422 quae
1103 2337 1231 2399 narrat
1263 2332 1305 2401 de
1328 2331 1378 2399 do·

210 2441 343 2504 otriaac
366 2439 576 2505 auctoribus.

277 2546 311 2613 1ο
334 2547 487 2635 Ipsemet
509 2546 713 2635 Langenius
738 2547 897 2628 fatetur,
925 2547 961 2612 in
987 2547 1144 2614 omnibus
1168 2547 1382 2617 documentis

126 2653 146 2661 '⁴
209 2655 460 2724 ecclesiasticis
484 2655 522 2722 in
546 2653 674 2745 quibus
699 2663 781 2722 ante
797 2652 1033 2722 Athanasium
1060 2655 1100 2722 de
1126 2655 1268 2745 origine
1284 2665 1321 2727 et
1336 2681 1383 2727 re·

210 2763 342 2830 latione
367 2762 525 2852 Spiritus
543 2763 665 2831 Sancti
681 2776 792 2829 sermo
818 2771 883 2848 est,
904 2762 996 2851 apud
1022 2762 1299 2850 Tertullianum,
1313 2766 1386 2836 Ori·

209 2894 344 2960 genem,
371 2871 583 2960 Gregorium
610 2870 930 2958 Thaumaturgum,
960 2901 976 2934 a
991 2872 1134 2938 eandem
1157 2895 1235 2941 esse
1260 2874 1385 2944 doctri·

211 3000 289 3046 nam
315 2979 428 3069 quoad
453 3002 522 3047 rem
549 2979 660 3067 ipsam
687 2978 727 3045 de
752 2978 922 3045 relatione
939 2976 1098 3067 Spiritus
1123 2980 1246 3049 Sancti
1271 2983 1315 3050 ad
1331 2982 1388 3050 Fi·

210 3085 344 3169 lium,n
371 3109 474 3177 quam
498 3085 707 3154 distinctius
731 3083 930 3152 declaravit
953 3085 1176 3154 Athanasius
1200 3092 1248 3176 (p.
1267 3088 1322 3156 21.
1340 3091 1385 3158 cf.

212 3217 246 3282 p.
266 3192 320 3259 13.
341 3192 427 3276 rs).
441 3191 604 3276 Fatetur,
624 3193 691 3259 iam
707 3198 787 3260 ante
804 3191 1046 3279 Augustinum
1064 3193 1259 3260 doctrinam
1279 3196 1387 3264 fuisse

212 3319 409 3384 expressam
446 3299 524 3385 ipsa
559 3297 625 3363 hac
657 3296 831 3378 formula,
859 3295 1031 3385 Spiritum
1057 3319 1130 3364 esse
1154 3319 1197 3364 ex
1221 3299 1330 3368 Patre
1353 3306 1387 3368 et

211 3407 316 3490 Filio,
343 3430 417 3474 esse
441 3405 644 3474 auctoribus
668 3406 774 3472 Patre
798 3411 834 3470 et
848 3402 956 3486 Filio,
976 3404 1160 3492 proaedere
1185 3428 1206 3473 a
1229 3407 1337 3476 Patre
1353 3415 1388 3476 et

211 3513 328 3600 Filio;
354 3515 407 3582 ita
430 3515 521 3582 enim
545 3514 737 3580 docuerant
762 3512 1021 3595 Tertullianus,
1040 3512 1263 3598 Marcellus,
1289 3515 1389 3582 Hila-

212 3622 313 3705 rius,
339 3622 474 3691 Marius
498 3621 725 3704 Victorinus,
751 3620 994 3708 Epiphanius,
1020 3619 1197 3708 Didymus
1220 3630 1259 3689 et
1283 3623 1388 3691 huius

213 3731 386 3818 interpres
420 3731 682 3818 Hieronymus,
708 3729 939 3811 Ambrosius,
972 3726 1166 3796 Concilium
1191 3729 1221 3796 I.
1250 3730 1387 3799 Toleta-

212 3859 294 3903 num
318 3835 380 3922 (1),
407 3839 535 3927 quibus
559 3837 640 3904 addi
664 3836 829 3903 deberent
853 3836 999 3923 ipsemet
1021 3835 1259 3920 Athanasius,
1279 3845 1315 3905 et
1339 3861 1386 3906 se·

283 3982 325 4054 (1)
343 3986 505 4050 Langcnius
526 3983 567 4055 (p.
589 3981 647 4053 62.)
673 3982 777 4048 adfert,
805 3985 835 4033 ct
854 3983 944 4033 solum
972 3984 1124 4049 «aliquam
1145 3981 1382 4036 dubitationem

212 4089 429 4127 commemorans
448 4073 580 4125 admittit
598 4072 755 4136 symbolum
776 4071 857 4123 velut
875 4069 983 4121 editum
1005 4070 1036 4122 in
1056 4070 1108 4122 hac
1134 4069 1244 4135 synodo
1264 4073 1289 4124 1.
1311 4071 1388 4124 Tole-

213 4161 890 4230 twamquRmfflmmnummmm
895 4198 949 4211 .....
970 4161 1388 4228 Qffimmwmeuwo

214 4260 271 4308 tum
292 4269 361 4319 esse,
383 4256 433 4320 qui
453 4269 504 4306 nec
522 4257 609 4305 Pater
629 4251 669 4303 sit
687 4253 749 4318 ipse
770 4265 820 4303 nec
839 4250 944 4315 Filius,
965 4251 1012 4300 sed
1032 4268 1050 4300 a
1068 4251 1153 4301 Patre
1172 4252 1310 4318 Filioque
1324 4268 1388 4317 pro·

213 4345 338 4396 sedeas»
360 4342 503 4414 (Harduin
522 4346 546 4396 1.
567 4340 653 4419 992).
669 4344 708 4394 De
728 4342 779 4394 hoc
798 4340 926 4393 diximus
945 4341 976 4392 in
996 4340 1091 4394 Tract.
1112 4340 1146 4393 dc
1165 4341 1249 4394 Trin.
1270 4340 1341 4395 suit.
1361 4341 1386 4394 2.

215 4451 242 4502 p.
263 4432 325 4485 512.
