3120 4988
695 288 732 301 ..
754 254 792 316 78
813 288 850 302 ..

193 360 379 430 definiendi
403 383 443 430 ac
467 360 682 444 vindicandi,
703 363 866 453 quomodo
890 385 1017 455 quaeso
1040 387 1083 433 ex
1106 364 1172 434 hac
1203 366 1359 456 probibi-

193 472 287 539 tione
312 471 480 538 deducent
505 470 709 554 doctrinam,
729 472 830 562 qua-m
850 472 1029 541 Macarius
1047 476 1255 564 probandam
1280 466 1359 546 sus·

194 579 297 666 cepit,
318 577 486 667 Spiritum
513 578 679 645 Sanctum
705 603 725 643 a
749 580 818 644 solo
844 581 963 659 Patre,
981 605 1047 648 non
1072 591 1184 650 autem
1203 580 1317 653 ‘simul
1338 607 1360 652 a

191 688 284 756 Filio
308 684 501 775 procedere,
521 709 596 753 eum
610 686 819 754 Photianum
833 688 896 755 hoc
914 688 1080 777 placitum
1098 713 1161 759 nec
1182 691 1217 757 in
1233 691 1360 760 Nicae-

195 824 238 868 no
252 799 363 867 necin
379 795 765 884 Constantinopolitano
778 795 933 884 symbolo
947 796 1180 882 contineatur,
1206 799 1249 866 ad
1275 823 1360 889 quo·

192 932 267 977 rum
293 908 531 994 integritatem
564 906 733 972 adversus
764 905 1016 973 haereticorum
1041 907 1183 975 fraudes
1214 930 1358 976 servan·

194 1021 270 1088 dam
298 1039 338 1085 ea
361 1016 415 1084 lex
441 1037 461 1082 a
485 1013 650 1081 Conciliis
675 1015 895 1102 promulgata
920 1015 1000 1081 est?

261 1127 313 1193 Ex
337 1123 490 1192 Concilio
514 1123 596 1201 VII,
615 1129 651 1189 et
673 1145 713 1188 ex
738 1121 903 1190 Consiliis
927 1123 1091 1191 Romanis
1114 1122 1178 1190 sub
1208 1123 1360 1190 Damaso

193 1241 229 1304 et
251 1237 315 1302 sub
338 1233 490 1300 Martino
514 1230 543 1298 1.
571 1230 660 1296 nihil
694 1231 791 1298 eliud
816 1230 983 1315 habetur,
1013 1231 1084 1297 uisi
1108 1252 1195 1320 quae
1223 1251 1359 1320 semper

194 1343 265 1411 fuit
288 1348 324 1409 et
345 1347 400 1409 est
423 1345 459 1406 et
482 1339 550 1406 erit
574 1339 764 1406 eommunis
789 1339 963 1407 catholica
987 1342 1167 1428 professio,
1186 1343 1359 1428 Spiritum

194 1452 353 1520 Sanctum
375 1473 398 1514 e
421 1449 528 1514 Patre
549 1447 741 1534 procedere·
767 1448 826 1515 sed
851 1448 985 1516 nullum
1010 1451 1064 1515 est
1088 1447 1277 1536 vestigium
1303 1472 1357 1517 us-

193 1557 355 1626 scrtionis
371 1556 602 1638 Macarianae,
620 1555 658 1622 in
675 1555 769 1624 bisce
786 1552 954 1624 Consiliis
971 1557 1085 1623 doceri
1109 1556 1261 1624 eiusdem
1279 1555 1359 1646 spi-

192 1665 285 1734 ritus
304 1663 551 1753 processionem
568 1687 591 1728 c
605 1664 675 1729 solo
689 1664 807 1745 Patre,
822 1672 857 1732 et
867 1664 989 1752 negari
998 1667 1242 1752 processionem
1255 1688 1277 1729 a
1290 1665 1359 1732 Pe·

195 1790 246 1840 tre
260 1787 300 1839 ut
322 1797 426 1837 enum
450 1788 499 1838 est
522 1796 594 1839 cem
617 1772 840 1841 niteamus
857 1774 957 1863 prius
973 1772 1063 1863 quod
1080 1772 1162 1839 olim
1186 1771 1360 1840 adversus

192 1881 344 1949 Arianos
368 1881 694 1969 pneumatomachos
717 1879 847 1948 directe
871 1881 1082 1969 probandum
1106 1888 1202 1966 eret,
1234 1881 1359 1971 utique

194 1992 452 2060 demonstratur
477 1990 670 2058 innumeris
688 1988 903 2078 Scripturas,
922 1989 1168 2079 symbolorum,
1186 1988 1358 2057 Concilio·

194 2123 283 2182 rum,
302 2121 348 2165 ss.
368 2101 513 2167 Petrum
537 2097 762 2184 testimoniis;
789 2120 850 2186 pro
875 2098 939 2165 hoc
963 2096 1091 2181 altero,
1121 2095 1163 2165 de
1186 2118 1254 2186 quo
1286 2096 1359 2164 solo

193 2206 431 2274 controversia
453 2211 507 2273 est
530 2205 792 2289 Photianorum,
812 2227 873 2274 nec
896 2204 1073 2272 Macarius
1094 2226 1157 2272 nec
1181 2204 1358 2294 quispiam

192 2314 285 2383 alius
308 2313 419 2382 ullum
437 2336 600 2404 umquam
624 2316 775 2402 reperiet
790 2315 1030 2384 authenticum
1055 2316 1312 2385 documentum.

259 2422 493 2510 Castigandus
519 2429 635 2490 autem
659 2428 712 2490 est
727 2420 911 2511 theologus
935 2422 1190 2506 schismaticus,
1210 2422 1303 2512 quod
1321 2422 1358 2489 in

192 2530 345 2598 Concilio
368 2531 451 2613 VII,
470 2536 711 2598 commemorat
734 2531 945 2600 solummodo
975 2530 1223 2620 professionem
1248 2531 1359 2599 Theo-

192 2639 268 2708 dori
291 2639 618 2728 Hierosolymitani,
638 2639 675 2705 in
700 2661 767 2729 qua
791 2640 961 2708 dieitur«
988 2640 1145 2729 Spiritus
1169 2640 1358 2708 aeternali·

192 2755 246 2815 ter
269 2748 450 2836 procedere
467 2769 487 2813 a
503 2750 620 2831 Patre,
639 2772 655 2807 n
676 2748 818 2816 silentio
835 2753 949 2816 autem
966 2751 1092 2839 premit
1107 2750 1358 2839 professionem

193 2855 339 2923 alteram
364 2877 391 2924 s.
412 2854 550 2922 Tarasii
574 2853 953 2944 Constantinopolitani
978 2856 1038 2942 (1).
1065 2856 1233 2925 Tarasius
1257 2859 1358 2928 mise·

95 3010 97 3022 ‚
192 2970 249 3032 rat
273 2986 372 3032 suam
395 2965 598 3055 synodicam
615 2965 827 3055 patriarchis
852 2963 1082 3033 orientalibus
1098 2965 1354 3053 Alexandrin0,

191 3071 422 3156 Antiocheno,
436 3071 768 3161 Hierosolymitano,
784 3073 820 3139 in
841 3096 910 3164 qua
928 3073 1092 3163 explicite
1111 3061 1356 3162 profitebatur:

196 3178 338 3248 cCredo
361 3179 398 3247 in
423 3202 529 3279 unum
552 3180 719 3250 Deum...
737 3187 772 3249 et
791 3181 828 3248 in
853 3183 1026 3272 Spiritum
1042 3183 1221 3267 Sanctum,
1238 3185 1358 3254 Domi·

262 3401 566 3481 (nummulorum
585 3403 708 3456 Macerio
727 3417 907 3470 suppressam
926 3418 987 3456 esse
1006 3403 1210 3469 professionem
1229 3404 1356 3474 Tanusii,

192 3497 277 3550 facile
297 3495 419 3562 videbis,
444 3495 470 3546 si
495 3494 634 3559 inspicias
662 3494 693 3544 in
726 3493 798 3547 actis
826 3493 947 3547 Concilii
972 3493 1175 3546 connexionem
1201 3497 1357 3561 synodicae

192 3586 333 3643 'dheodori
352 3601 413 3640 cum
432 3600 464 3638 ea
483 3585 607 3638 Tanusii.
628 3584 750 3636 Primum
769 3585 844 3637 lecte
862 3587 907 3655 est
925 3583 1065 3649 professio
1078 3585 1190 3637 Tarasii
1209 3584 1245 3637 ad
1262 3586 1355 3640 orien-

191 3678 276 3744 tales,
290 3680 348 3728 tum
367 3674 550 3728 orientalium
570 3673 726 3740 responsio,
743 3674 788 3726 cui
807 3674 917 3724 inserts
947 3674 1009 3725 eret
1038 3672 1174 3738 synodica
1200 3673 1355 3744 Theodori,

189 3783 221 3821 sc
240 3764 298 3820 tum
317 3765 425 3819 demum
453 3763 626 3830 sequebatur
655 3763 823 3830 approbatio
843 3762 1031 3830 professionis
1060 3762 1207 3829 utriusque
1236 3764 1268 3817 iu
1297 3782 1355 3820 uno

190 3861 324 3912 contextu
344 3857 515 3925 praelectae.
531 3853 660 3907 Ceterum
680 3869 714 3906 ex
733 3852 787 3905 illa
800 3854 986 3919 responsione
1006 3852 1199 3920 orientalium,
1216 3854 1252 3907 ad
1272 3872 1356 3923 quem

190 3948 330 4004 Macarius
352 3947 498 4014 appellat,
523 3945 584 4012 ipse
609 3946 699 3997 multa
729 3948 826 4012 posset
851 3943 969 4009 discere,
991 3959 1022 3996 sc
1053 3945 1131 3996 inter
1158 3947 1253 3996 cetera
1281 3947 1356 4000 illud

189 4040 321 4103 maxime,
338 4037 372 4090 ad
387 4035 590 4091 oecumenicam
604 4033 742 4101 synodum
762 4033 989 4088 constituendam
1008 4048 1183 4102 nequaquam
1203 4049 1273 4102 opus
1293 4052 1355 4091 esse

190 4129 356 4199 praesentia
373 4127 599 4194 patriarcharum
619 4129 648 4178 et
675 4126 876 4192 Episcoporum
896 4123 1077 4176 orientalium
1096 4125 1156 4177 sive
1175 4140 1225 4192 per
1244 4141 1275 4178 se
1291 4128 1355 4180 sive

192 4235 243 4288 per
262 4219 372 4282 legatos
387 4231 462 4285 suos,
478 4215 624 4269 dummodo
640 4236 653 4263 a
667 4215 848 4282 Apostolicus
867 4215 946 4281 Papa
963 4214 1106 4268 Romanus
1126 4215 1352 4286 concordaverit,

193 4314 223 4364 et
241 4311 271 4362 in
283 4324 316 4361 ee
327 4309 463 4361 inventus
475 4293 518 4359 'sit
530 4321 581 4374 per
600 4307 808 4373 apocrysiarics
818 4321 896 4373 suos,
912 4304 960 4372 qui
974 4304 1135 4360 moderatur
1152 4305 1352 4374 Apostolorum

193 4399 335 4472 principis
363 4395 455 4452 sedem
475 4417 488 4446 n
509 4394 613 4469 (Menai
642 4397 707 4450 XII.
722 4414 750 4465 p.
766 4391 858 4466 1133).
