3158 4980
692 401 730 417 -
748 368 813 433 276
831 401 869 416 -

198 487 278 560 dere
293 506 314 551 a
328 484 432 552 Patre
452 506 515 570 per
539 483 682 565 Filium,
704 509 719 543 n
747 488 782 549 et
800 482 932 548 uetiam
955 506 977 547 a
994 482 1091 550 Filio
1115 483 1238 551 iubere
1261 507 1393 552 esseu-

201 596 319 672 cumo
338 593 480 680 Langen
495 593 628 660 fatetur
641 591 709 657 iam
727 590 837 666 medio
855 589 992 658 saeculo
1008 590 1072 659 IV.
1092 592 1202 660 fuisse
1219 613 1241 658 a
1253 593 1424 678 MariQ

204 705 381 775 Victorino
404 699 442 769 in
465 701 622 791 symbolo
645 699 727 767 fidei
751 706 872 767 contra
888 699 1040 767 Arianos
1060 701 1427 795 recitatematquq

185 791 281 882 'adeo
305 807 514 882 communem
538 811 733 880 doctrinam
756 809 947 894 Ecclesiae,
976 825 1212 877 eoruscantem
1237 825 1427 900 suter-

201 925 286 988 tiom
303 921 495 1010 fundatam
520 922 557 984 iu
580 919 689 996 cerdis
715 917 849 987 illusisti
871 917 925 986 Io.
945 917 1042 986 XIV.
1064 923 1139 988 14.»
1156 919 1220 1006 (1).
1239 919 1427 1012 Euda*

200 1037 314 1099 aetate
338 1053 414 1097 cum
437 1029 612 1117 Didymus
626 1027 889 1096 Alexandrinus
913 1028 1149 1096 consentiente
1164 1029 1243 1096 eius
1261 1030 1364 1097 inte*
1414 1076 1427 1121 ,

200 1149 296 1227 prete
318 1137 533 1224 Hieronymo
566 1135 727 1220 doceret,
757 1134 962 1224 «Spiritum
987 1135 1113 1204 habere
1136 1137 1325 1204 essentiam
1417 1190 1427 1234 ε

199 1246 306 1331 Filio,
332 1246 426 1314 sicut
448 1245 565 1312 Eilius
588 1244 694 1312 habet
716 1266 737 1311 a
759 1246 883 1326 Patre,
910 1267 950 1312 ao
973 1245 1117 1334 proinde
1141 1244 1326 1334 procedere
1406 1296 1423 1344 ὃ

202 1354 305 1422 Patre
321 1361 356 1421 et
371 1352 477 1437 Filio,
494 1374 555 1420 seu
570 1374 644 1419 esse
667 1372 709 1420 ex
733 1352 838 1420 Patre
860 1351 1035 1442 Filioque;
1054 1377 1071 1412 a
1089 1351 1174 1420 haec
1193 1353 1405 1460 doctrin„

204 1461 399 1552 «quoniam
432 1461 667 1548 Hieronymus
702 1461 900 1528 testabatur
928 1460 1118 1548 Didymum
1141 1460 1178 1528 in
1210 1461 1393 1550 dogmat,

203 1568 393 1635 Trinitatis
418 1574 510 1636 certe
534 1567 743 1634 catholicum
767 1590 888 1652 esse,n
914 1568 951 1634 in
969 1568 1145 1636 occidente
1173 1567 1281 1633 alate
1297 1567 1378 1661 alif.

198 1676 446 1766 fuudetcturn
473 1675 534 1762 (2).
561 1675 635 1743 Hoc
659 1675 734 1764 ipso
757 1683 910 1764 tempore
933 1674 1157 1764 Epiphanius
1182 1676 1365 1764 descripsit

202 1783 402 1875 symbolum
421 1783 504 1851 fidei
530 1785 603 1848 uin
627 1785 789 1850 uniuerso
805 1783 964 1850 Ecclesia
981 1783 1178 1852 adhibitum
1203 1785 1241 1851 in
1265 1785 1357 1853 colla·

180 1937 183 1942 -
203 1894 297 1961 tione
323 1891 533 1981 baptismis
561 1890 622 1959 uhi
646 1891 714 1959 iam
738 1891 889 1977 dicitur,
918 1893 1161 1961 «credendum
1185 1914 1273 1979 esse,
1293 1896 1355 1985 Spi-

203 2002 311 2069 ritum
336 1999 503 2069 Sanctum
531 2000 715 2089 procedere
738 2022 759 2067 a
781 2001 885 2069 Patre
908 2007 943 2070 et
965 2001 1121 2089 accipere
1146 2023 1167 2068 a
1190 2002 1308 2091 Filio,
1329 2010 1357 2072 et

204 2111 241 2178 in
265 2109 380 2177 eodem
415 2107 540 2195 (totius
570 2108 762 2192 Ecclesiae)
787 2108 945 2197 symbolo
968 2116 1087 2177 tentus
1121 2109 1172 2178 Io.
1201 2110 1281 2179 XV.
1309 2112 1355 2180 26.

204 2218 305 2287 XVI.
325 2217 377 2286 14.
405 2224 603 2306 comparent
628 2223 669 2284 ut
687 2216 865 2305 formulae
887 2213 1100 2307 dopmaticae
1119 2243 1185 2307 pro
1202 2221 1360 2288 relatione

206 2329 360 2416 Spiritus
376 2327 499 2396 Sancti
514 2323 560 2391 od
572 2327 711 2393 Patrem
727 2339 759 2391 et
772 2326 917 2395 Filium.
931 2324 1153 2415 Epiphanius
1168 2350 1252 2417 ergo
1268 2351 1363 2419 agno·

207 2436 262 2504 vit
284 2444 324 2504 ut
348 2435 522 2523 publicam
547 2439 582 2502 et
608 2433 834 2537 apostolicam
863 2455 904 2502 ac
927 2434 1071 2524 proinde
1106 2448 1145 2499 ut
1168 2438 1364 2504 catholicam

208 2542 398 2609 doctrinam
421 2527 627 2622 Ecclesiae]
637 2541 806 2630 Spiritum
830 2542 1011 2632 procedere
1034 2564 1055 2609 a
1078 2543 1196 2629 Patre,
1224 2553 1261 2613 et
1283 2546 1364 2614 acci·

207 2674 287 2741 pere
310 2672 332 2716 a
353 2649 479 2717 Eilion
506 2649 569 2736 (Β).
593 2650 692 2718 Unde
723 2656 846 2718 auctor
877 2658 995 2719 noster
1018 2650 1163 2743 loquens
1187 2653 1230 2722 de
1254 2656 1368 2725 Conci·

250 2792 253 2797 ’
277 2792 320 2869 (1)
341 2799 418 2850 «Dia
437 2796 613 2861 gewithnlich
629 2795 787 2850 kirchliche
790 2834 844 2850 .....
865 2797 1061 2852 teststehende
1080 2798 1132 2851 aui
1154 2798 1216 2853 Ich.
1232 2799 1311 2855 xvl.
1327 2800 1366 2857 14.

206 2887 381 2955 gegrundete
399 2887 614 2952 Auschauungn
636 2887 752 2950 Langen
771 2904 799 2954 p.
816 2888 860 2941 28.
876 2887 937 2941 124.

279 2973 554 3048 ffiffipffiffi

279 3065 314 3139 (3)
333 3067 377 3120 Ibi
397 3084 424 3133 p.
443 3067 488 3124 42.
504 3067 622 3122 54.124.
644 3066 769 3120 (tonatur
787 3067 935 3121 Professor
952 3083 981 3136 p.
995 3068 1040 3121 42.
1054 3083 1115 3121 sese
1135 3069 1288 3138 extricare,
1304 3072 1365 3128 dum

209 3154 235 3228 a]
255 3157 324 3209 haec
336 3157 393 3223 ipsi
407 3157 569 3225 Eplphanio
588 3157 736 3211 attribuit.
756 3158 795 3211 At
808 3158 891 3225 paulo
904 3163 972 3211 ante
984 3158 1076 3212 lassus
1089 3163 1160 3227 erat,
1183 3165 1213 3213 et
1230 3178 1258 3228 p.
1273 3162 1310 3214 54
1322 3164 1370 3216 its·

207 3263 268 3300 rum
294 3247 413 3314 fatetur,
435 3248 521 3300 istam
548 3247 752 3314 professionem
779 3249 869 3302 inissa
895 3248 955 3300 uie
979 3251 1100 3314 symbolo
1122 3250 1193 3315 fidei
1212 3252 1301 3304 totius
1319 3253 1368 3305 Ec

145 3364 148 3371 .
209 3338 343 3391 ctesias.»
360 3336 384 3407 b)
398 3337 495 3391 Vellet
512 3339 646 3392 tenebras
661 3338 792 3392 inducere
807 3355 848 3407 oo,
865 3339 938 3406 quod
950 3337 993 3412 (ut
1003 3338 1059 3411 ait)
1075 3341 1281 3407 «Epiphanius
1293 3343 1370 3395 nullo

131 3413 134 3423 ’
209 3427 289 3480 modo
308 3426 454 3495 declarat,
484 3428 552 3494 quid
571 3428 753 3481 intellexerit
777 3443 828 3496 per
847 3429 922 3481 illud
949 3431 1071 3495 occipere
1090 3449 1107 3481 a
1124 3431 1243 3484 Filiae
1272 3434 1371 3488 Verum

210 3515 236 3588 a)
256 3517 436 3585 Epiphanius
455 3518 613 3571 clarissime
632 3519 759 3586 explicat
777 3520 900 3587 accipere
919 3537 936 3569 a
952 3521 1032 3571 Filio
1051 3536 1107 3573 non
1127 3520 1206 3573 aliud
1226 3523 1285 3574 sibi
1300 3524 1372 3576 velle

212 3625 293 3676 qnam
308 3625 361 3661 esse
380 3625 411 3660 aa
424 3608 502 3660 Filio
517 3605 659 3679 (Ancorat.
677 3626 706 3664 n.
719 3610 762 3664 67.
779 3611 846 3663 vide
859 3625 943 3678 supra
956 3627 983 3678 p.
997 3607 1065 3680 52).
1085 3610 1110 3680 β)
1121 3613 1239 3676 Langon
1253 3612 1374 3679 ipsamet

211 3696 250 3768 (p.
265 3693 305 3766 5.)
324 3698 455 3764 affirmat,
478 3700 672 3764 quaestionem
693 3699 726 3752 de
745 3700 856 3765 origine
876 3700 1001 3766 Spiritus
1020 3701 1119 3753 Sancti
1137 3702 1225 3753 etiam
1245 3716 1280 3753 ex
1300 3702 1373 3755 Filio

210 3788 271 3840 iore
290 3787 420 3854 decisam,
443 3788 619 3857 slflilhristus
640 3806 695 3842 non
716 3791 749 3840 de
766 3807 822 3841 uec
843 3790 975 3858 dixisset,
997 3791 1046 3844 aad
1066 3791 1150 3842 deme
1165 3791 1284 3857 accipiet
1297 3791 1375 3863 (side

212 3893 299 3944 snpra
311 3895 339 3944 p.
352 3875 437 3946 242).
456 3879 515 3931 Iam
527 3895 593 3932 vero
606 3884 661 3932 tarn
675 3880 705 3931 in
719 3881 776 3932 isto
797 3880 945 3945 «symbolo
961 3881 1049 3933 totins
1066 3880 1227 3933 Ecclesiae»
1241 3897 1325 3948 qnam
1341 3883 1375 3935 ah

211 3967 372 4034 Epiphanio
383 3969 470 4021 verba
479 3968 598 4036 christi,
611 3970 718 4024 fatente
729 3972 884 4037 Langenio,
897 3971 1010 4023 omniuo
1021 3971 1239 4037 explicabantur
1250 3972 1307 4026 hac
1321 3989 1376 4027 nna

212 4057 421 4122 significatione
434 4077 439 4110 :
455 4059 557 4123 accipit
567 4077 584 4110 a
597 4060 685 4112 Filio.
701 4058 726 4131 Ὺ)
739 4062 898 4126 theologus
910 4066 1010 4115 nostor
1022 4062 1142 4129 ipsemet
1151 4065 1240 4129 paulo
1255 4064 1379 4118 interius

213 4163 241 4213 p.
253 4147 313 4199 124.
326 4148 469 4200 immemor
487 4148 585 4201 horum
605 4165 674 4216 quae
694 4167 724 4217 p.
738 4151 783 4202 42.
796 4151 917 4218 dixerat,
938 4152 1016 4204 nihil
1035 4151 1184 4204 haesitans
1204 4154 1336 4220 affirmat,
1348 4155 1379 4206 iu

212 4235 341 4299 symbolo
355 4237 555 4304 Epiphaniano
578 4258 589 4285 u
603 4254 654 4305 per
667 4240 763 4307 verba,
784 4241 907 4306 Spiritus
921 4242 1024 4306 accipit
1039 4259 1056 4293 a
1068 4243 1156 4305 Filio,
1177 4244 1318 4309 explicite
1334 4260 1379 4297 ex·

211 4337 341 4389 pressam
360 4340 421 4376 esse
448 4327 604 4379 doctrinam
611 4329 797 4394 processionis
803 4345 855 4394 par
873 4330 1008 4382 Filium.»
1024 4329 1044 4401 δ)
1064 4330 1202 4398 Spiritum
1220 4334 1280 4387 alio
1300 4332 1380 4387 modo

212 4428 294 4480 quum
313 4428 364 4479 per
378 4417 583 4480 processionem
603 4419 725 4483 accipere
737 4418 882 4485 quidpiam
896 4437 914 4471 o
926 4420 1015 4484 Filio,
1037 4418 1094 4472 dici
1114 4423 1215 4488 nequit
1233 4422 1299 4475 sins
1314 4424 1380 4476 hae-

211 4490 268 4561 'sesi
292 4503 493 4558 Macedoniani
518 4510 548 4559 et
573 4509 725 4577 negatione
744 4508 914 4570 divinitatis
939 4509 1067 4578 Spiritus
1086 4509 1201 4582 Sancti,
1230 4528 1318 4581 qnam
1345 4530 1380 4567 ns
