3120 4988
772 358 811 374 -
832 326 896 392 lec
913 359 951 375 -

294 427 422 497 dlcrum
444 430 674 519 cremaverit,
691 436 836 518 gestum
850 436 988 499 constat
1003 430 1116 501 fuisse
1131 432 1228 521 (dum
1245 432 1389 503 scilicet
1405 432 1471 503 im·

294 545 434 632 perator
455 562 532 609 eum
556 541 673 610 triduo
697 548 775 632 post
798 541 931 612 obitum
959 540 1090 632 Ignatii
1114 542 1150 610 in
1173 543 1287 613 sedem
1313 544 1469 635 patriar·

296 647 429 745 chalem
460 648 677 736 intrusit)...
703 648 752 718 Et
781 671 844 718 nos
874 649 1001 741 quibus
1035 650 1224 719 secundum
1253 651 1467 741 Apostolum

295 759 447 828 omnium
469 756 707 827 Ecclesiarum
730 757 795 825 Dei
819 757 1021 826 sollicitudo
1037 743 1237 845 incumbit,
1264 766 1467 831 controver-

295 867 382 937 siam
404 865 560 956 aliquam
583 864 620 932 in
643 864 803 935 Ecclesia
826 865 891 934 Dei
914 865 1066 954 amplius
1090 888 1268 936 remanere·
1286 866 1461 955 nolentes,

295 975 388 1045 hunc
411 973 526 1064 ipsum
549 973 788 1063 patriarcham
812 997 889 1043 cum
905 974 1063 1042 omnibus
1086 975 1162 1044 sive
1179 975 1367 1066 Episcopis
1390 977 1464 1046 sive
1542 986 1548 999 ’

296 1083 514 1177 presbyteris
536 1082 612 1152 sive
636 1082 761 1151 ceteris
785 1081 924 1152 clericis
946 1089 984 1153 ct
1006 1085 1164 1154 omnibus
1187 1085 1305 1170 laicis,
1326 1087 1366 1150 io
1382 1109 1463 1177 quos

296 1190 424 1260 iudicii
441 1191 567 1279 suerat
590 1214 731 1258 censura
748 1192 905 1281 prolata,
931 1194 973 1259 cb
997 1196 1089 1258 omui
1116 1193 1367 1261 ecclesiasticae
1388 1218 1461 1262 acn-

297 1303 423 1369 orionis
446 1299 581 1368 vinculo
598 1299 814 1382 absolvimus,
833 1306 1042 1391 sanctaeque
1054 1299 1459 1392 Constantinopolitanae

296 1409 475 1480 Ecclesiae
490 1407 687 1478 iudicamus
701 1409 855 1499 recipere
872 1409 984 1477 sedem
1001 1409 1234 1500 dominicique
1250 1413 1377 1500 gregis
1393 1435 1460 1480 esse

297 1526 489 1619 pastorem,
515 1518 580 1586 illa
602 1517 738 1586 scilicet
771 1510 1055 1607 potestatefulti
1079 1540 1181 1610 quam
1205 1520 1369 1611 Ecclesia
1392 1529 1457 1592 tcto

297 1631 377 1699 orbe
400 1629 532 1697 diffusa
556 1626 667 1695 credit
696 1626 796 1694 nobis
819 1625 857 1693 in
881 1626 957 1715 ipsc
979 1627 1229 1717 Apostolorum
1260 1629 1422 1721 principe
1443 1654 1478 1700 a.

295 1737 436 1806 Christo
458 1738 531 1803 Deo
554 1741 673 1802 nostro
696 1755 772 1802 esse
795 1756 1003 1818 concessam,
1030 1736 1142 1806 eodem
1168 1738 1357 1808 Salvatore
1389 1741 1489 1808 bea·

296 1852 373 1917 tum
396 1845 541 1913 Petrum
563 1841 770 1933 Apostolum
793 1864 876 1933 prae
890 1843 1016 1912 ceteris
1040 1844 1240 1936 specialiter
1264 1846 1502 1937 delegante:

296 1953 364 2025 tibi
387 1954 474 2021 dabo
498 1953 614 2020 claves
637 1950 737 2040 regni
760 1952 973 2022 coelorum...
998 1958 1035 2022 et
1059 1976 1293 2048 quaecumque
1316 1954 1451 2024 solver·
1462 1961 1513 2026 :us

297 2068 554 2152 superterram,
572 2064 677 2127 eruut
692 2057 808 2127 soluta
823 2059 911 2127 etin
928 2059 1034 2127 coelis
1054 2086 1069 2122 n
1088 2061 1187 2147 (ibid.
1207 2086 1242 2152 p.
1262 2060 1339 2130 137.
1356 2061 1421 2129 138
1450 2068 1518 2147 -].

285 2170 390 2238 ‘Haec
414 2169 529 2237 omnia
562 2166 709 2235 Photius
740 2166 776 2234 in
801 2189 865 2235 sua
889 2167 1049 2236 versione
1079 2172 1251 2237 transfert
1281 2171 1325 2238 ad
1356 2170 1523 2256 alit-u

297 2277 399 2371 plane
422 2298 574 2346 sensum.
599 2273 681 2342 Illic
705 2274 868 2343 Pontifex
901 2275 1084 2347 inducitur
1115 2283 1308 2361 attestans,
1334 2301 1371 2347 se
1395 2278 1526 2345 iffim

296 2383 430 2476 pridem
454 2389 589 2472 tempus
624 2388 855 2472 opportunum
890 2384 1106 2474 quaesivisse
1140 2384 1185 2452 ad
1208 2386 1528 2454 restitueudrzztm

297 2491 462 2561 Photium
484 2489 522 2557 in
547 2510 645 2556 suam
669 2488 844 2579 propriam
868 2489 993 2575 sedem,
1021 2490 1283 2582 impudentibus
1298 2492 1529 2561 laudib-us

299 2599 489 2669 cumulatis
511 2597 549 2666 in
580 2596 835 2689 usurpatorem.
864 2599 965 2669 uNec
992 2601 1083 2668 enim
1108 2601 1162 2668 fas
1193 2621 1268 2668 esse
1298 2601 1530 2671 duximus

298 2709 363 2798 (ibi
386 2707 533 2797 dicitur)
556 2707 661 2776 talem
695 2729 735 2775 ac
769 2713 907 2776 tantum
931 2709 1047 2777 virum
1078 2708 1225 2778 inertem
1249 2719 1285 2778 et
1315 2712 1532 2780 otiosam

297 2839 515 2911 permanere;
543 2815 601 2885 sed
625 2815 662 2883 in
686 2816 828 2884 sublimi
844 2821 963 2886 vestra
985 2816 1145 2886 Ecclesia
1166 2841 1308 2887 rursum
1324 2819 1417 2909 impe
1478 2801 1534 2868 ¹⁵5·

297 2927 373 2996 tum
396 2947 437 2994 ac
459 2923 692 3014 refulgentem
716 2932 880 2994 consuete
904 2926 1031 3018 sibiet
1048 2928 1122 2996 Deo
1145 2932 1288 3016 accepta
1310 2949 1398 3016 erga
1412 2928 1534 2994 ὣ·

298 3035 454 3117 cerdotes
469 3039 505 3101 et
519 3032 710 3123 Episcopus
726 3054 830 3123 opera
850 3032 1050 3122 perficere.»
1068 3035 1119 3103 De
1137 3034 1342 3124 patriarcha
1359 3035 1535 3124 Igrssl·

296 3143 350 3215 tic
372 3143 549 3227 defuncto,
576 3141 617 3211 de
640 3142 755 3227 venia,
783 3144 823 3212 de
848 3143 1016 3227 censuris,
1036 3144 1078 3211 de
1103 3143 1321 3213 absolutione
1343 3127 1536 3213 null)lle

228 3339 232 3347 ¹
296 3259 352 3323 est
375 3274 498 3337 sermo,
515 3250 583 3319 imo
600 3251 706 3321 audet
721 3253 887 3342 impostor
903 3252 1154 3321 absolutionem
1169 3255 1303 3322 referre
1317 3255 1364 3323 ad
1378 3231 1534 3344 Eli·

299 3385 418 3453 scopos
435 3360 636 3446 catholicos,
655 3361 714 3452 qui
733 3360 771 3428 in
787 3361 941 3431 Concilio
957 3360 1058 3431 VIII.
1078 3361 1362 3451 subscripserant
1377 3365 1535 3431 P1520·

297 3470 344 3543 tii
368 3468 655 3540 condemnationi.
684 3467 894 3559 «Scripsisti
911 3469 1009 3537 nobis
1031 3468 1099 3555 (ait
1113 3467 1164 3535 ibi
1179 3468 1343 3537 Pontifex
1361 3469 1535 3558 infit·

299 3579 436 3665 ratori),
456 3585 496 3648 ut
510 3576 701 3668 apostolica
717 3579 886 3669 plenaque
902 3577 1135 3647 humanitatis
1154 3579 1291 3646 viscera
1307 3578 1534 3667 aperi-cu·

299 3697 366 3776 tes,
391 3712 506 3758 omnes
528 3711 547 3758 e
569 3694 689 3757 vestra
710 3686 889 3771 Ecclesia,
916 3693 1085 3780 quotquot
1108 3691 1171 3754 aut
1194 3686 1337 3776 propria
1360 3695 1531 3754 ruffina

300 3794 556 3875 subscribentes
572 3790 795 3884 transgressi.
809 3801 905 3880 sunt,
924 3802 986 3863 aut
1008 3815 1222 3885 quacumque
1239 3793 1312 3861 clia
1328 3792 1529 3864 raugam

300 3905 441 3976 canonis
457 3903 596 3973 obnoxii
614 3904 733 3993 poenis
758 3904 914 3987 fuerunt,
934 3902 1188 3990 susciperemus
1205 3923 1383 3992 curemque
1444 3962 1465 3973 ,
1479 3920 1527 3994 ge·

299 4038 453 4085 reremus
475 4015 571 4106 pacis
586 4023 622 4083 et
637 4014 879 4084 concordiae.»
899 4014 998 4098 Quod
1014 4015 1179 4084 Pontifex
1196 4013 1289 4084 dixit
1305 4015 1344 4084 de
1360 4037 1528 4101 haur·

300 4123 440 4215 patiore
464 4123 568 4191 officii
590 4123 784 4207 interdicti,
803 4124 949 4192 Photius
972 4123 1025 4191 ita
1040 4124 1321 4213 interpretatur:
1344 4151 1358 4187 u
1451 4149 1527 4209 qam·

285 4230 371 4325 etsi
401 4236 520 4300 vestra
550 4230 803 4320 (imperatoris)
833 4231 946 4320 pietas
975 4229 1052 4297 viro
1083 4229 1155 4298 vim
1184 4229 1285 4320 prius
1314 4235 1530 4320 utfinis,

301 4336 517 4408 restituendo
539 4359 617 4404 eum
640 4342 719 4405 ante
743 4358 817 4420 nos,
844 4336 908 4405 hoc
931 4342 985 4404 est
1007 4341 1192 4428 antequam
1214 4336 1327 4405 nostri
1357 4328 1541 4435 Npegat't

302 4445 389 4515 illuc
412 4444 641 4533 advenirent3
666 4466 728 4513 nos
752 4451 869 4513 tamen
892 4444 956 4513 hoc
979 4466 1160 4531 sanamus,
1186 4467 1254 4514 non
1277 4466 1315 4513 ex
1364 4471 1416 4493 x
1444 4451 1550 4539 ,ostra
