<?xml version="1.0" encoding="UTF-8"?>
<!DOCTYPE html PUBLIC "-//W3C//DTD XHTML 1.0 Transitional//EN"
    "http://www.w3.org/TR/xhtml1/DTD/xhtml1-transitional.dtd">
<html xmlns="http://www.w3.org/1999/xhtml" xml:lang="en" lang="en">
 <head>
  <title>
</title>
<meta http-equiv="Content-Type" content="text/html;charset=utf-8" />
  <meta name='ocr-system' content='tesseract 3.04.00' />
  <meta name='ocr-capabilities' content='ocr_page ocr_carea ocr_par ocr_line ocrx_word'/>
</head>
<body>
  <div class='ocr_page' id='page_1' title='image "./ioannisbaptfran00frangoog_0010.png"; bbox 0 0 3120 4988; ppageno 0'>
   <div class='ocr_carea' id='block_1_1' title="bbox 561 331 852 474">
    <p class='ocr_par' dir='ltr' id='par_1_1' title="bbox 561 331 852 474">
     <span class='ocr_line' id='line_1_1' title="bbox 561 331 852 474; baseline -0.014 0"><span class='ocrx_word' id='word_1_1' title='bbox 561 368 566 373; x_wconf 71' lang='grc'><strong>’</strong></span> <span class='ocrx_word' id='word_1_2' title='bbox 620 331 795 474; x_wconf 79' lang='lat' dir='ltr'>suono</span> <span class='ocrx_word' id='word_1_3' title='bbox 822 395 852 471; x_wconf 85' lang='lat'>1.</span> 
     </span>
    </p>
   </div>
   <div class='ocr_carea' id='block_1_2' title="bbox 300 575 1323 782">
    <p class='ocr_par' dir='ltr' id='par_1_2' title="bbox 300 575 1323 782">
     <span class='ocr_line' id='line_1_2' title="bbox 300 575 1323 657; baseline 0.001 -2"><span class='ocrx_word' id='word_1_4' title='bbox 300 602 349 655; x_wconf 81' lang='lat' dir='ltr'>na</span> <span class='ocrx_word' id='word_1_5' title='bbox 375 600 595 656; x_wconf 77' lang='lat' dir='ltr'>unennmnn</span> <span class='ocrx_word' id='word_1_6' title='bbox 621 575 973 657; x_wconf 70' lang='lat' dir='ltr'>menneaurnuous</span> <span class='ocrx_word' id='word_1_7' title='bbox 1000 598 1173 656; x_wconf 80' lang='lat' dir='ltr'>nocoauu</span> <span class='ocrx_word' id='word_1_8' title='bbox 1262 596 1264 599; x_wconf 80' lang='grc'><strong><em>·</em></strong></span> <span class='ocrx_word' id='word_1_9' title='bbox 1315 623 1323 643; x_wconf 89' lang='lat'><strong>·</strong></span> 
     </span>
     <span class='ocr_line' id='line_1_3' title="bbox 613 726 856 782; baseline 0 -1"><span class='ocrx_word' id='word_1_10' title='bbox 613 726 856 782; x_wconf 72' lang='lat' dir='ltr'>scansurus.</span> 
     </span>
    </p>
   </div>
   <div class='ocr_carea' id='block_1_3' title="bbox 153 935 1324 3624">
    <p class='ocr_par' dir='ltr' id='par_1_3' title="bbox 153 935 1324 3624">
     <span class='ocr_line' id='line_1_4' title="bbox 220 935 1321 1026; baseline 0.004 -23"><span class='ocrx_word' id='word_1_11' title='bbox 220 936 299 1004; x_wconf 88' lang='lat' dir='ltr'>Duo</span> <span class='ocrx_word' id='word_1_12' title='bbox 329 935 428 1005; x_wconf 88' lang='lat' dir='ltr'>docet</span> <span class='ocrx_word' id='word_1_13' title='bbox 463 936 658 1005; x_wconf 76' lang='lat' dir='ltr'><strong>Macarius:</strong></span> <span class='ocrx_word' id='word_1_14' title='bbox 684 936 933 1026; x_wconf 79' lang='lat' dir='ltr'>processionem</span> <span class='ocrx_word' id='word_1_15' title='bbox 965 936 1122 1026; x_wconf 83' lang='lat' dir='ltr'>Spiritus</span> <span class='ocrx_word' id='word_1_16' title='bbox 1154 938 1277 1007; x_wconf 86' lang='lat' dir='ltr'>Sancti</span> <span class='ocrx_word' id='word_1_17' title='bbox 1301 961 1321 1007; x_wconf 88' lang='lat' dir='ltr'>a</span> 
     </span>
     <span class='ocr_line' id='line_1_5' title="bbox 153 1043 1322 1135; baseline 0 -21"><span class='ocrx_word' id='word_1_18' title='bbox 153 1045 260 1114; x_wconf 89' lang='lat' dir='ltr'>Patre</span> <span class='ocrx_word' id='word_1_19' title='bbox 283 1043 377 1112; x_wconf 89' lang='lat' dir='ltr'>clare</span> <span class='ocrx_word' id='word_1_20' title='bbox 401 1043 572 1112; x_wconf 82' lang='lat' dir='ltr'>contineri</span> <span class='ocrx_word' id='word_1_21' title='bbox 596 1046 632 1112; x_wconf 90' lang='lat' dir='ltr'>iu</span> <span class='ocrx_word' id='word_1_22' title='bbox 657 1044 872 1135; x_wconf 77' lang='lat' dir='ltr'>Scripturis3</span> <span class='ocrx_word' id='word_1_23' title='bbox 898 1045 1149 1134; x_wconf 76' lang='lat' dir='ltr'><strong>processionem</strong></span> <span class='ocrx_word' id='word_1_24' title='bbox 1172 1048 1277 1115; x_wconf 90' lang='lat' dir='ltr'>etiam</span> <span class='ocrx_word' id='word_1_25' title='bbox 1300 1069 1322 1114; x_wconf 90' lang='lat' dir='ltr'>a</span> 
     </span>
     <span class='ocr_line' id='line_1_6' title="bbox 153 1149 1321 1222; baseline 0.003 -5"><span class='ocrx_word' id='word_1_26' title='bbox 153 1149 248 1218; x_wconf 79' lang='lat' dir='ltr'>Filio</span> <span class='ocrx_word' id='word_1_27' title='bbox 283 1150 378 1219; x_wconf 90' lang='lat' dir='ltr'>sicut</span> <span class='ocrx_word' id='word_1_28' title='bbox 408 1173 429 1217; x_wconf 89' lang='lat' dir='ltr'>a</span> <span class='ocrx_word' id='word_1_29' title='bbox 458 1151 564 1220; x_wconf 90' lang='lat' dir='ltr'>Patre</span> <span class='ocrx_word' id='word_1_30' title='bbox 598 1152 636 1219; x_wconf 93' lang='lat' dir='ltr'>in</span> <span class='ocrx_word' id='word_1_31' title='bbox 671 1152 718 1220; x_wconf 90' lang='lat' dir='ltr'>iis</span> <span class='ocrx_word' id='word_1_32' title='bbox 752 1175 820 1220; x_wconf 86' lang='lat' dir='ltr'>non</span> <span class='ocrx_word' id='word_1_33' title='bbox 850 1151 1035 1221; x_wconf 79' lang='lat' dir='ltr'>contineri.</span> <span class='ocrx_word' id='word_1_34' title='bbox 1071 1152 1123 1221; x_wconf 88' lang='lat' dir='ltr'>At</span> <span class='ocrx_word' id='word_1_35' title='bbox 1157 1154 1248 1222; x_wconf 91' lang='lat' dir='ltr'>enim</span> <span class='ocrx_word' id='word_1_36' title='bbox 1284 1154 1321 1221; x_wconf 92' lang='lat' dir='ltr'>in</span> 
     </span>
     <span class='ocr_line' id='line_1_7' title="bbox 154 1257 1321 1354; baseline 0.003 -28"><span class='ocrx_word' id='word_1_37' title='bbox 154 1257 263 1326; x_wconf 80' lang='lat' dir='ltr'>Thasi</span> <span class='ocrx_word' id='word_1_38' title='bbox 286 1259 456 1330; x_wconf 88' lang='lat' dir='ltr'>XXXIX.</span> <span class='ocrx_word' id='word_1_39' title='bbox 471 1260 592 1328; x_wconf 77' lang='lat' dir='ltr'>Tract.</span> <span class='ocrx_word' id='word_1_40' title='bbox 611 1260 652 1328; x_wconf 87' lang='lat' dir='ltr'>de</span> <span class='ocrx_word' id='word_1_41' title='bbox 676 1260 776 1328; x_wconf 77' lang='lat' dir='ltr'>Trin.</span> <span class='ocrx_word' id='word_1_42' title='bbox 796 1260 1043 1344; x_wconf 87' lang='lat' dir='ltr'>animadverti,</span> <span class='ocrx_word' id='word_1_43' title='bbox 1062 1284 1184 1354; x_wconf 87' lang='lat' dir='ltr'>resque</span> <span class='ocrx_word' id='word_1_44' title='bbox 1209 1283 1321 1352; x_wconf 89' lang='lat' dir='ltr'>perse</span> 
     </span>
     <span class='ocr_line' id='line_1_8' title="bbox 155 1349 1322 1462; baseline 0.001 -24"><span class='ocrx_word' id='word_1_45' title='bbox 155 1369 253 1438; x_wconf 89' lang='lat' dir='ltr'>clara</span> <span class='ocrx_word' id='word_1_46' title='bbox 274 1379 347 1455; x_wconf 91' lang='lat' dir='ltr'>est,</span> <span class='ocrx_word' id='word_1_47' title='bbox 374 1372 438 1440; x_wconf 92' lang='lat' dir='ltr'>hoc</span> <span class='ocrx_word' id='word_1_48' title='bbox 461 1349 649 1462; x_wconf 72' lang='lat' dir='ltr'>utrumque</span> <span class='ocrx_word' id='word_1_49' title='bbox 673 1371 703 1438; x_wconf 90' lang='lat' dir='ltr'>si</span> <span class='ocrx_word' id='word_1_50' title='bbox 728 1370 986 1455; x_wconf 77' lang='lat' dir='ltr'>concederetur,</span> <span class='ocrx_word' id='word_1_51' title='bbox 1013 1370 1093 1439; x_wconf 91' lang='lat' dir='ltr'>inde</span> <span class='ocrx_word' id='word_1_52' title='bbox 1118 1371 1322 1439; x_wconf 89' lang='lat' dir='ltr'>nullatenus</span> 
     </span>
     <span class='ocr_line' id='line_1_9' title="bbox 155 1478 1319 1570; baseline 0.001 -24"><span class='ocrx_word' id='word_1_53' title='bbox 155 1479 319 1570; x_wconf 86' lang='lat' dir='ltr'>consequi</span> <span class='ocrx_word' id='word_1_54' title='bbox 342 1478 536 1548; x_wconf 88' lang='lat' dir='ltr'>doctrinam</span> <span class='ocrx_word' id='word_1_55' title='bbox 560 1479 767 1548; x_wconf 88' lang='lat' dir='ltr'>Photiauam</span> <span class='ocrx_word' id='word_1_56' title='bbox 789 1502 865 1549; x_wconf 90' lang='lat' dir='ltr'>esse</span> <span class='ocrx_word' id='word_1_57' title='bbox 891 1502 1022 1563; x_wconf 87' lang='lat' dir='ltr'>veram,</span> <span class='ocrx_word' id='word_1_58' title='bbox 1048 1479 1241 1548; x_wconf 84' lang='lat' dir='ltr'>doctrinam</span> <span class='ocrx_word' id='word_1_59' title='bbox 1265 1501 1319 1550; x_wconf 90' lang='lat' dir='ltr'>ca-</span> 
     </span>
     <span class='ocr_line' id='line_1_10' title="bbox 153 1576 1322 1677; baseline 0.003 -23"><span class='ocrx_word' id='word_1_60' title='bbox 153 1585 320 1655; x_wconf 90' lang='lat' dir='ltr'>tholicam</span> <span class='ocrx_word' id='word_1_61' title='bbox 343 1587 493 1674; x_wconf 86' lang='lat' dir='ltr'>falsam;</span> <span class='ocrx_word' id='word_1_62' title='bbox 523 1587 567 1655; x_wconf 87' lang='lat' dir='ltr'>ad</span> <span class='ocrx_word' id='word_1_63' title='bbox 590 1588 655 1656; x_wconf 90' lang='lat' dir='ltr'>hoo</span> <span class='ocrx_word' id='word_1_64' title='bbox 672 1576 769 1657; x_wconf 81' lang='lat' dir='ltr'>¹enirn</span> <span class='ocrx_word' id='word_1_65' title='bbox 793 1588 1098 1657; x_wconf 88' lang='lat' dir='ltr'>demonstrandum</span> <span class='ocrx_word' id='word_1_66' title='bbox 1122 1610 1207 1677; x_wconf 92' lang='lat' dir='ltr'>opus</span> <span class='ocrx_word' id='word_1_67' title='bbox 1230 1595 1322 1657; x_wconf 89' lang='lat' dir='ltr'>esset</span> 
     </span>
     <span class='ocr_line' id='line_1_11' title="bbox 153 1697 1323 1789; baseline 0.003 -25"><span class='ocrx_word' id='word_1_68' title='bbox 153 1698 308 1786; x_wconf 86' lang='lat' dir='ltr'>reperire</span> <span class='ocrx_word' id='word_1_69' title='bbox 338 1697 374 1765; x_wconf 91' lang='lat' dir='ltr'>in</span> <span class='ocrx_word' id='word_1_70' title='bbox 400 1697 665 1787; x_wconf 86' lang='lat' dir='ltr'>Scripturarum</span> <span class='ocrx_word' id='word_1_71' title='bbox 696 1698 908 1766; x_wconf 86' lang='lat' dir='ltr'>testimoniis</span> <span class='ocrx_word' id='word_1_72' title='bbox 937 1701 1153 1788; x_wconf 75' lang='lat' dir='ltr'>cepaticum</span> <span class='ocrx_word' id='word_1_73' title='bbox 1188 1721 1323 1789; x_wconf 86' lang='lat' dir='ltr'>proces-</span> 
     </span>
     <span class='ocr_line' id='line_1_12' title="bbox 154 1804 1322 1896; baseline 0.003 -24"><span class='ocrx_word' id='word_1_74' title='bbox 154 1805 264 1873; x_wconf 89' lang='lat' dir='ltr'>sionis</span> <span class='ocrx_word' id='word_1_75' title='bbox 287 1826 308 1871; x_wconf 98' lang='lat' dir='ltr'>a</span> <span class='ocrx_word' id='word_1_76' title='bbox 330 1804 436 1889; x_wconf 82' lang='lat' dir='ltr'>Filio,</span> <span class='ocrx_word' id='word_1_77' title='bbox 458 1807 618 1895; x_wconf 86' lang='lat' dir='ltr'>quoniam</span> <span class='ocrx_word' id='word_1_78' title='bbox 643 1829 709 1873; x_wconf 92' lang='lat' dir='ltr'>uon</span> <span class='ocrx_word' id='word_1_79' title='bbox 732 1805 918 1874; x_wconf 88' lang='lat' dir='ltr'>affirmatio</span> <span class='ocrx_word' id='word_1_80' title='bbox 934 1807 1164 1896; x_wconf 86' lang='lat' dir='ltr'>processionis</span> <span class='ocrx_word' id='word_1_81' title='bbox 1180 1829 1201 1874; x_wconf 98' lang='lat' dir='ltr'>a</span> <span class='ocrx_word' id='word_1_82' title='bbox 1216 1807 1322 1876; x_wconf 90' lang='lat' dir='ltr'>Patre</span> 
     </span>
     <span class='ocr_line' id='line_1_13' title="bbox 155 1914 1319 2004; baseline 0.002 -24"><span class='ocrx_word' id='word_1_83' title='bbox 155 1933 258 2004; x_wconf 92' lang='lat' dir='ltr'>quam</span> <span class='ocrx_word' id='word_1_84' title='bbox 283 1936 398 1981; x_wconf 89' lang='lat' dir='ltr'>omnes</span> <span class='ocrx_word' id='word_1_85' title='bbox 422 1914 586 1982; x_wconf 82' lang='lat' dir='ltr'>catholici</span> <span class='ocrx_word' id='word_1_86' title='bbox 612 1937 745 2003; x_wconf 88' lang='lat' dir='ltr'>semper</span> <span class='ocrx_word' id='word_1_87' title='bbox 767 1914 1019 1983; x_wconf 86' lang='lat' dir='ltr'>confessisunt</span> <span class='ocrx_word' id='word_1_88' title='bbox 1041 1923 1077 1983; x_wconf 90' lang='lat' dir='ltr'>et</span> <span class='ocrx_word' id='word_1_89' title='bbox 1097 1914 1319 1999; x_wconf 82' lang='lat' dir='ltr'>confitentur,</span> 
     </span>
     <span class='ocr_line' id='line_1_14' title="bbox 155 2019 1322 2111; baseline 0.003 -25"><span class='ocrx_word' id='word_1_90' title='bbox 155 2019 213 2088; x_wconf 92' lang='lat' dir='ltr'>sed</span> <span class='ocrx_word' id='word_1_91' title='bbox 239 2020 309 2087; x_wconf 87' lang='lat' dir='ltr'>ista</span> <span class='ocrx_word' id='word_1_92' title='bbox 332 2023 472 2109; x_wconf 69' lang='lat' dir='ltr'>raspatio</span> <span class='ocrx_word' id='word_1_93' title='bbox 488 2020 676 2088; x_wconf 87' lang='lat' dir='ltr'>constituit</span> <span class='ocrx_word' id='word_1_94' title='bbox 692 2020 828 2108; x_wconf 81' lang='lat' dir='ltr'>dogma,</span> <span class='ocrx_word' id='word_1_95' title='bbox 848 2043 915 2111; x_wconf 93' lang='lat' dir='ltr'>quo</span> <span class='ocrx_word' id='word_1_96' title='bbox 931 2021 1095 2091; x_wconf 90' lang='lat' dir='ltr'>Photiani</span> <span class='ocrx_word' id='word_1_97' title='bbox 1113 2020 1322 2089; x_wconf 88' lang='lat' dir='ltr'>scinduntur</span> 
     </span>
     <span class='ocr_line' id='line_1_15' title="bbox 155 2126 1320 2219; baseline 0.002 -25"><span class='ocrx_word' id='word_1_98' title='bbox 155 2127 198 2194; x_wconf 89' lang='lat' dir='ltr'>ab</span> <span class='ocrx_word' id='word_1_99' title='bbox 221 2127 380 2209; x_wconf 84' lang='lat' dir='ltr'>Ecclesia</span> <span class='ocrx_word' id='word_1_100' title='bbox 403 2128 592 2197; x_wconf 89' lang='lat' dir='ltr'>catholica.</span> <span class='ocrx_word' id='word_1_101' title='bbox 609 2127 729 2217; x_wconf 86' lang='lat' dir='ltr'>Neque</span> <span class='ocrx_word' id='word_1_102' title='bbox 746 2150 829 2197; x_wconf 85' lang='lat' dir='ltr'>vero</span> <span class='ocrx_word' id='word_1_103' title='bbox 852 2129 930 2195; x_wconf 90' lang='lat' dir='ltr'>ideo</span> <span class='ocrx_word' id='word_1_104' title='bbox 947 2126 1036 2219; x_wconf 92' lang='lat' dir='ltr'>quod</span> <span class='ocrx_word' id='word_1_105' title='bbox 1053 2126 1227 2196; x_wconf 86' lang='lat' dir='ltr'>catholiea</span> <span class='ocrx_word' id='word_1_106' title='bbox 1245 2146 1320 2219; x_wconf 86' lang='lat' dir='ltr'>pro·</span> 
     </span>
     <span class='ocr_line' id='line_1_16' title="bbox 156 2236 1320 2327; baseline 0.002 -25"><span class='ocrx_word' id='word_1_107' title='bbox 156 2236 262 2304; x_wconf 84' lang='lat' dir='ltr'>fessio</span> <span class='ocrx_word' id='word_1_108' title='bbox 285 2236 327 2304; x_wconf 88' lang='lat' dir='ltr'>de</span> <span class='ocrx_word' id='word_1_109' title='bbox 351 2238 567 2327; x_wconf 89' lang='lat' dir='ltr'>processione</span> <span class='ocrx_word' id='word_1_110' title='bbox 591 2259 612 2303; x_wconf 90' lang='lat' dir='ltr'>a</span> <span class='ocrx_word' id='word_1_111' title='bbox 634 2236 728 2304; x_wconf 86' lang='lat' dir='ltr'>Filio</span> <span class='ocrx_word' id='word_1_112' title='bbox 751 2236 788 2305; x_wconf 90' lang='lat' dir='ltr'>in</span> <span class='ocrx_word' id='word_1_113' title='bbox 813 2236 1008 2327; x_wconf 86' lang='lat' dir='ltr'>Scripturis</span> <span class='ocrx_word' id='word_1_114' title='bbox 1032 2237 1237 2325; x_wconf 87' lang='lat' dir='ltr'>consignata</span> <span class='ocrx_word' id='word_1_115' title='bbox 1253 2259 1320 2304; x_wconf 91' lang='lat' dir='ltr'>uon</span> 
     </span>
     <span class='ocr_line' id='line_1_17' title="bbox 154 2340 1323 2432; baseline 0.003 -24"><span class='ocrx_word' id='word_1_116' title='bbox 154 2343 381 2431; x_wconf 87' lang='lat' dir='ltr'>reperiretur,</span> <span class='ocrx_word' id='word_1_117' title='bbox 400 2343 563 2410; x_wconf 90' lang='lat' dir='ltr'>Photiani</span> <span class='ocrx_word' id='word_1_118' title='bbox 588 2350 712 2432; x_wconf 89' lang='lat' dir='ltr'>putare</span> <span class='ocrx_word' id='word_1_119' title='bbox 736 2348 876 2432; x_wconf 86' lang='lat' dir='ltr'>possent</span> <span class='ocrx_word' id='word_1_120' title='bbox 899 2340 1205 2410; x_wconf 74' lang='lat' dir='ltr'>huius‘doctrinoe</span> <span class='ocrx_word' id='word_1_121' title='bbox 1222 2342 1323 2410; x_wconf 84' lang='lat' dir='ltr'>falsi-</span> 
     </span>
     <span class='ocr_line' id='line_1_18' title="bbox 154 2448 1322 2544; baseline 0 -29"><span class='ocrx_word' id='word_1_122' title='bbox 154 2455 264 2544; x_wconf 83' lang='lat' dir='ltr'>tatem</span> <span class='ocrx_word' id='word_1_123' title='bbox 286 2459 351 2518; x_wconf 89' lang='lat' dir='ltr'>aut</span> <span class='ocrx_word' id='word_1_124' title='bbox 373 2471 456 2518; x_wconf 87' lang='lat' dir='ltr'>suae</span> <span class='ocrx_word' id='word_1_125' title='bbox 480 2451 665 2518; x_wconf 86' lang='lat' dir='ltr'>veritatem</span> <span class='ocrx_word' id='word_1_126' title='bbox 689 2448 972 2532; x_wconf 83' lang='lat' dir='ltr'>demonstratam,</span> <span class='ocrx_word' id='word_1_127' title='bbox 992 2448 1061 2516; x_wconf 92' lang='lat' dir='ltr'>nisi</span> <span class='ocrx_word' id='word_1_128' title='bbox 1085 2471 1106 2515; x_wconf 86' lang='lat' dir='ltr'>a</span> <span class='ocrx_word' id='word_1_129' title='bbox 1128 2449 1203 2516; x_wconf 89' lang='lat' dir='ltr'>suis</span> <span class='ocrx_word' id='word_1_130' title='bbox 1226 2450 1322 2538; x_wconf 90' lang='lat' dir='ltr'>prin-</span> 
     </span>
     <span class='ocr_line' id='line_1_19' title="bbox 155 2556 1322 2647; baseline -0.002 -21"><span class='ocrx_word' id='word_1_131' title='bbox 155 2557 260 2646; x_wconf 89' lang='lat' dir='ltr'>cipiis</span> <span class='ocrx_word' id='word_1_132' title='bbox 283 2557 475 2630; x_wconf 91' lang='lat' dir='ltr'>desciscere</span> <span class='ocrx_word' id='word_1_133' title='bbox 503 2557 617 2627; x_wconf 84' lang='lat' dir='ltr'>velint</span> <span class='ocrx_word' id='word_1_134' title='bbox 648 2556 691 2624; x_wconf 86' lang='lat' dir='ltr'>ad</span> <span class='ocrx_word' id='word_1_135' title='bbox 725 2556 901 2646; x_wconf 86' lang='lat' dir='ltr'>principia</span> <span class='ocrx_word' id='word_1_136' title='bbox 931 2556 1232 2642; x_wconf 88' lang='lat' dir='ltr'>Protestantium,</span> <span class='ocrx_word' id='word_1_137' title='bbox 1260 2556 1322 2647; x_wconf 92' lang='lat' dir='ltr'>qui</span> 
     </span>
     <span class='ocr_line' id='line_1_20' title="bbox 154 2663 1322 2755; baseline -0.003 -21"><span class='ocrx_word' id='word_1_138' title='bbox 154 2675 326 2755; x_wconf 83' lang='lat' dir='ltr'>negantes</span> <span class='ocrx_word' id='word_1_139' title='bbox 358 2663 605 2750; x_wconf 89' lang='lat' dir='ltr'>traditionem,</span> <span class='ocrx_word' id='word_1_140' title='bbox 632 2664 732 2732; x_wconf 87' lang='lat' dir='ltr'>nulla</span> <span class='ocrx_word' id='word_1_141' title='bbox 761 2665 829 2732; x_wconf 88' lang='lat' dir='ltr'>nisi</span> <span class='ocrx_word' id='word_1_142' title='bbox 866 2666 903 2731; x_wconf 93' lang='lat' dir='ltr'>in</span> <span class='ocrx_word' id='word_1_143' title='bbox 927 2663 1125 2754; x_wconf 86' lang='lat' dir='ltr'>Scripturis</span> <span class='ocrx_word' id='word_1_144' title='bbox 1159 2686 1322 2754; x_wconf 87' lang='lat' dir='ltr'>expressa</span> 
     </span>
     <span class='ocr_line' id='line_1_21' title="bbox 155 2772 1322 2864; baseline -0.002 -22"><span class='ocrx_word' id='word_1_145' title='bbox 155 2775 319 2864; x_wconf 84' lang='lat' dir='ltr'>dogmata</span> <span class='ocrx_word' id='word_1_146' title='bbox 342 2777 513 2845; x_wconf 88' lang='lat' dir='ltr'>credenda</span> <span class='ocrx_word' id='word_1_147' title='bbox 535 2797 609 2844; x_wconf 90' lang='lat' dir='ltr'>esse</span> <span class='ocrx_word' id='word_1_148' title='bbox 633 2775 768 2844; x_wconf 87' lang='lat' dir='ltr'>dicunt.</span> <span class='ocrx_word' id='word_1_149' title='bbox 794 2773 925 2843; x_wconf 89' lang='lat' dir='ltr'>Verum</span> <span class='ocrx_word' id='word_1_150' title='bbox 947 2796 1015 2842; x_wconf 92' lang='lat' dir='ltr'>non</span> <span class='ocrx_word' id='word_1_151' title='bbox 1040 2772 1241 2841; x_wconf 86' lang='lat' dir='ltr'>huiusmodi</span> <span class='ocrx_word' id='word_1_152' title='bbox 1265 2795 1322 2840; x_wconf 90' lang='lat' dir='ltr'>ar-</span> 
     </span>
     <span class='ocr_line' id='line_1_22' title="bbox 155 2881 1321 2974; baseline -0.002 -25"><span class='ocrx_word' id='word_1_153' title='bbox 155 2884 417 2971; x_wconf 83' lang='lat' dir='ltr'>gumentatione</span> <span class='ocrx_word' id='word_1_154' title='bbox 441 2884 486 2950; x_wconf 86' lang='lat' dir='ltr'>ad</span> <span class='ocrx_word' id='word_1_155' title='bbox 511 2883 696 2962; x_wconf 73' lang='lat' dir='ltr'>hominem,</span> <span class='ocrx_word' id='word_1_156' title='bbox 722 2904 824 2974; x_wconf 84' lang='lat' dir='ltr'>quam</span> <span class='ocrx_word' id='word_1_157' title='bbox 856 2882 998 2965; x_wconf 91' lang='lat' dir='ltr'>dicunt,</span> <span class='ocrx_word' id='word_1_158' title='bbox 1025 2883 1198 2950; x_wconf 90' lang='lat' dir='ltr'>contentis</span> <span class='ocrx_word' id='word_1_159' title='bbox 1222 2881 1321 2948; x_wconf 85' lang='lat' dir='ltr'>no&#39;ois</span> 
     </span>
     <span class='ocr_line' id='line_1_23' title="bbox 154 2989 1322 3080; baseline -0.002 -24"><span class='ocrx_word' id='word_1_160' title='bbox 154 3010 229 3057; x_wconf 88' lang='lat' dir='ltr'>esse</span> <span class='ocrx_word' id='word_1_161' title='bbox 253 2989 356 3077; x_wconf 85' lang='lat' dir='ltr'>licet;</span> <span class='ocrx_word' id='word_1_162' title='bbox 384 2990 444 3060; x_wconf 87' lang='lat' dir='ltr'>sed</span> <span class='ocrx_word' id='word_1_163' title='bbox 460 2991 621 3079; x_wconf 82' lang='lat' dir='ltr'>singulas</span> <span class='ocrx_word' id='word_1_164' title='bbox 637 2990 799 3058; x_wconf 84' lang='lat' dir='ltr'>fallacias</span> <span class='ocrx_word' id='word_1_165' title='bbox 821 2989 1230 3080; x_wconf 84' lang='lat' dir='ltr'>quibusScripturarum</span> <span class='ocrx_word' id='word_1_166' title='bbox 1248 3011 1322 3055; x_wconf 92' lang='lat' dir='ltr'>sen·</span> 
     </span>
     <span class='ocr_line' id='line_1_24' title="bbox 155 3096 1323 3190; baseline -0.005 -23"><span class='ocrx_word' id='word_1_167' title='bbox 155 3121 231 3167; x_wconf 87' lang='lat' dir='ltr'>sum</span> <span class='ocrx_word' id='word_1_168' title='bbox 256 3100 448 3169; x_wconf 90' lang='lat' dir='ltr'>Photianus</span> <span class='ocrx_word' id='word_1_169' title='bbox 480 3100 669 3190; x_wconf 90' lang='lat' dir='ltr'>pervertit,</span> <span class='ocrx_word' id='word_1_170' title='bbox 695 3099 902 3167; x_wconf 88' lang='lat' dir='ltr'>distinctius</span> <span class='ocrx_word' id='word_1_171' title='bbox 925 3098 1123 3166; x_wconf 86' lang='lat' dir='ltr'>examinare</span> <span class='ocrx_word' id='word_1_172' title='bbox 1148 3096 1323 3164; x_wconf 90' lang='lat' dir='ltr'>inanimo</span> 
     </span>
     <span class='ocr_line' id='line_1_25' title="bbox 155 3201 1322 3297; baseline -0.004 -23"><span class='ocrx_word' id='word_1_173' title='bbox 155 3215 223 3275; x_wconf 88' lang='lat' dir='ltr'>est.</span> <span class='ocrx_word' id='word_1_174' title='bbox 248 3207 335 3277; x_wconf 86' lang='lat' dir='ltr'>Inde</span> <span class='ocrx_word' id='word_1_175' title='bbox 358 3210 540 3278; x_wconf 85' lang='lat' dir='ltr'>animiam</span> <span class='ocrx_word' id='word_1_176' title='bbox 565 3231 657 3276; x_wconf 91' lang='lat' dir='ltr'>nunc</span> <span class='ocrx_word' id='word_1_177' title='bbox 681 3201 876 3296; x_wconf 86' lang='lat' dir='ltr'>apparebit,</span> <span class='ocrx_word' id='word_1_178' title='bbox 895 3205 984 3297; x_wconf 90' lang='lat' dir='ltr'>quod</span> <span class='ocrx_word' id='word_1_179' title='bbox 1009 3206 1170 3294; x_wconf 88' lang='lat' dir='ltr'>deinceps</span> <span class='ocrx_word' id='word_1_180' title='bbox 1193 3204 1231 3273; x_wconf 92' lang='lat' dir='ltr'>in</span> <span class='ocrx_word' id='word_1_181' title='bbox 1248 3212 1322 3271; x_wconf 90' lang='lat' dir='ltr'>tota</span> 
     </span>
     <span class='ocr_line' id='line_1_26' title="bbox 154 3313 1323 3408; baseline -0.005 -23"><span class='ocrx_word' id='word_1_182' title='bbox 154 3318 222 3385; x_wconf 90' lang='lat' dir='ltr'>hac</span> <span class='ocrx_word' id='word_1_183' title='bbox 246 3326 366 3384; x_wconf 90' lang='lat' dir='ltr'>nostra</span> <span class='ocrx_word' id='word_1_184' title='bbox 390 3316 635 3408; x_wconf 83' lang='lat' dir='ltr'>disquisitione</span> <span class='ocrx_word' id='word_1_185' title='bbox 658 3313 976 3383; x_wconf 85' lang='lat' dir='ltr'>luculentissimum</span> <span class='ocrx_word' id='word_1_186' title='bbox 1000 3313 1082 3398; x_wconf 90' lang='lat' dir='ltr'>erit,</span> <span class='ocrx_word' id='word_1_187' title='bbox 1108 3334 1208 3404; x_wconf 92' lang='lat' dir='ltr'>quam</span> <span class='ocrx_word' id='word_1_188' title='bbox 1227 3331 1323 3401; x_wconf 90' lang='lat' dir='ltr'>prae-</span> 
     </span>
     <span class='ocr_line' id='line_1_27' title="bbox 154 3411 1324 3517; baseline -0.005 -24"><span class='ocrx_word' id='word_1_189' title='bbox 154 3435 294 3517; x_wconf 88' lang='lat' dir='ltr'>postere</span> <span class='ocrx_word' id='word_1_190' title='bbox 316 3449 357 3494; x_wconf 91' lang='lat' dir='ltr'>ac</span> <span class='ocrx_word' id='word_1_191' title='bbox 380 3411 483 3515; x_wconf 79' lang='lat' dir='ltr'>impie</span> <span class='ocrx_word' id='word_1_192' title='bbox 519 3425 686 3494; x_wconf 89' lang='lat' dir='ltr'>universa</span> <span class='ocrx_word' id='word_1_193' title='bbox 714 3424 875 3492; x_wconf 88' lang='lat' dir='ltr'>doctrina</span> <span class='ocrx_word' id='word_1_194' title='bbox 900 3421 1058 3490; x_wconf 87' lang='lat' dir='ltr'>revelata</span> <span class='ocrx_word' id='word_1_195' title='bbox 1081 3423 1121 3490; x_wconf 92' lang='lat' dir='ltr'>de</span> <span class='ocrx_word' id='word_1_196' title='bbox 1145 3421 1324 3509; x_wconf 79' lang='lat' dir='ltr'>augustis·</span> 
     </span>
     <span class='ocr_line' id='line_1_28' title="bbox 154 3529 1321 3624; baseline -0.007 -23"><span class='ocrx_word' id='word_1_197' title='bbox 154 3533 244 3602; x_wconf 91' lang='lat' dir='ltr'>simo</span> <span class='ocrx_word' id='word_1_198' title='bbox 268 3535 436 3624; x_wconf 85' lang='lat' dir='ltr'>mysterio</span> <span class='ocrx_word' id='word_1_199' title='bbox 459 3533 650 3604; x_wconf 76' lang='lat' dir='ltr'>Trinitatis</span> <span class='ocrx_word' id='word_1_200' title='bbox 673 3534 710 3602; x_wconf 93' lang='lat' dir='ltr'>in</span> <span class='ocrx_word' id='word_1_201' title='bbox 734 3531 871 3600; x_wconf 90' lang='lat' dir='ltr'>haeresi</span> <span class='ocrx_word' id='word_1_202' title='bbox 887 3529 1061 3600; x_wconf 88' lang='lat' dir='ltr'>Photiaua</span> <span class='ocrx_word' id='word_1_203' title='bbox 1084 3536 1321 3620; x_wconf 86' lang='lat' dir='ltr'>pervertatur.</span> 
     </span>
    </p>
   </div>
   <div class='ocr_carea' id='block_1_4' title="bbox 0 0 1567 4988">
    <p class='ocr_par' dir='ltr' id='par_1_4' title="bbox 0 0 1567 4988">
     <span class='ocr_line' id='line_1_29' title="bbox 0 0 1567 4988; baseline 0 0"><span class='ocrx_word' id='word_1_204' title='bbox 0 0 1567 4988; x_wconf 95' lang='lat' dir='ltr'> </span> 
     </span>
    </p>
   </div>
  </div>
 </body>
</html>
