3120 4988
688 288 865 353 -120-

193 393 327 469 dixisse
349 392 520 482 Spiritum
544 394 726 483 procedere
742 416 764 461 a
779 394 895 478 Patre,
914 414 1097 483 numquam
1120 412 1198 458 sero
1220 395 1367 459 meruis-

192 527 267 569 sem
284 503 412 590 fecisse
432 504 657 590 processionis
682 527 703 568 a
727 503 822 570 Filio
839 503 901 588 (1).
922 500 1005 568 Sive
1029 501 1097 566 iam
1121 499 1205 569 haee
1221 501 1370 569 univer·

193 611 258 678 sim
282 609 324 679 de
347 609 506 677 omnibus
529 609 696 677 Patribus
719 609 815 677 dicta
837 607 1029 691 existimes,
1049 613 1090 674 ut
1107 607 1213 674 verba
1226 628 1368 696 praese-

193 718 337 800 ferunt,
362 717 440 784 sive
464 717 505 784 de
530 716 575 784 iis
607 717 814 801 dumtaxat,
840 738 926 808 quos
961 722 1227 803 argumentator
1260 715 1369 804 paulo

192 833 273 891 ante
290 830 566 906 enumeraverat,
584 823 676 891 nihil
700 823 852 913 reperies
870 823 960 914 quod
978 823 1278 891 mendacissimum
1296 845 1369 892 uon

193 931 264 1016 sit,
291 940 332 1001 ut
355 939 451 1000 totus
476 932 667 1000 Tractatus
702 933 743 1000 de
768 932 983 1021 processione
1006 931 1161 1018 Spiritus
1185 929 1307 998 Sancti
1332 936 1371 998 et

193 1039 279 1108 haec
314 1041 391 1129 ipsa
415 1039 530 1130 opella
568 1047 688 1107 nostra
723 1040 905 1107 evidenter
939 1039 1168 1106 demonstrat.
1193 1037 1370 1106 Percurre

191 1147 281 1214 enim
306 1170 432 1239 quaeso
445 1148 584 1217 nomina
599 1171 728 1231 eoram,
747 1169 833 1238 quos
849 1148 886 1214 in
902 1147 1057 1236 proxime
1074 1146 1369 1214 antecedentibus

191 1255 265 1322 suis
279 1254 508 1323 citationibus
525 1256 732 1339 adduxerat,
750 1266 786 1322 et
800 1276 887 1345 quos
901 1278 992 1322 nune
1008 1255 1060 1323 ait
1076 1277 1260 1344 numqaum
1272 1277 1369 1319 men·

192 1362 316 1426 tionem
327 1361 455 1449 fecisse
472 1363 701 1452 processionis
717 1384 738 1428 a
753 1361 859 1430 Filio.
878 1361 976 1430 Inter
994 1362 1074 1428 illos
1091 1370 1248 1430 recenset
1261 1361 1371 1428 Basi-

192 1468 302 1549 liam,
327 1470 591 1557 Epiphaniam,
624 1468 796 1558 Opre'llum
830 1468 1131 1550 Alcsasdrioum,
1163 1469 1370 1552 Hilarium,

195 1576 446 1666 Ampastircum,
474 1578 698 1645 Parrhasium
714 1576 907 1660 diacorum,
933 1578 1142 1666 Hopmoreeor
1159 1577 1371 1644 Holbcrsta·

193 1682 341 1750 diensem
364 1695 399 1753 et
421 1686 624 1753 Rhodanum
648 1686 891 1774 Mopurctinum
905 1730 916 1768 ,
941 1708 1086 1776 quorum
1111 1684 1263 1753 omnium
1288 1684 1370 1754 ,dis-

100 1781 102 1786 ’
193 1804 288 1861 serta
311 1794 472 1862 doctrina
496 1818 589 1864 nunc
612 1818 633 1862 a
657 1795 756 1862 uobis
780 1795 908 1862 iterum
932 1795 1122 1884 repetenda
1144 1802 1303 1861 nonest.

258 1899 302 1968 In
325 1901 440 1969 altera
464 1918 562 1992 parte
589 1902 654 1970 sui
678 1902 900 1990 argumenti,
928 1925 1028 1993 quam
1060 1904 1210 1970 fortasse
1244 1923 1371 1970 crassa

194 2010 341 2102 quadam
366 2011 570 2098 ignorantia
594 2012 739 2077 mixtam
764 2032 838 2078 esse
862 2011 949 2095 dixi,
976 2012 1073 2099 ponit
1098 2009 1161 2078 hoc
1184 2008 1372 2097 enthyme-

194 2140 261 2203 ms;
281 2117 311 2183 si
328 2121 407 2207 quis
424 2118 516 2185 inter
540 2116 770 2184 occidentales
794 2125 915 2184 nostra
938 2127 1054 2184 aetate
1075 2116 1112 2182 in
1130 2117 1205 2184 suis
1221 2115 1372 2204 seriptis

111 2272 114 2278 ,
193 2238 366 2315 repeteret
390 2226 563 2316 Spiritum
581 2228 746 2296 Sanctum
764 2227 947 2316 procedere
963 2248 984 2292 a
999 2227 1117 2309 Patre,
1132 2226 1217 2316 quin
1229 2224 1371 2293 Filium

194 2335 399 2418 nominaret,
427 2333 458 2401 is
482 2335 712 2431 suspicionem
736 2334 921 2405 ueletiam
945 2334 1262 2403 condemnationem
1287 2332 1370 2402 hae·

194 2464 309 2511 reseos
325 2465 392 2509 non
418 2444 603 2532 effugeret,
619 2443 702 2534 quia
725 2466 817 2511 nunc
831 2443 992 2512 Ecclesia
1007 2441 1234 2511 occidentalis
1250 2442 1369 2510 eredit

194 2551 491 2642 processionema
514 2552 621 2620 Patre
644 2550 818 2641 Filioque;
839 2560 961 2620 contra
980 2573 1063 2620 vero
1087 2551 1246 2624 doctores
1271 2557 1371 2620 vete-

194 2682 250 2728 res
274 2660 326 2731 ita
349 2660 595 2750 loquebantur,
615 2659 699 2749 quin
717 2658 826 2727 ullam
851 2666 1034 2748 propterea
1049 2658 1228 2727 Ecclesiae
1253 2681 1373 2748 repre-

167 2799 169 2808 *
194 2766 394 2844 hensionem
419 2768 652 2853 incurrerent;
671 2789 754 2855 ergo
778 2767 814 2833 in
839 2767 988 2858 antiqua
1010 2767 1170 2836 Ecclesia
1193 2768 1373 2857 processio

194 2873 300 2943 etiam
324 2896 365 2941 ex
388 2873 484 2943 Filio
506 2898 574 2942 non
599 2875 806 2943 credebatur
829 2875 893 2962 (2).

261 2985 336 3051 Hac
360 2984 662 3072 argumentatione
678 3006 812 3071 semper
829 2983 885 3050 usi
903 2991 986 3053 sunt
1007 2989 1128 3052 contra
1145 2984 1371 3053 definitiones

195 3092 289 3175 fidei,
316 3099 352 3161 et
376 3115 508 3181 semper
531 3092 726 3161 necessario
753 3100 897 3160 utentur
922 3113 1037 3160 omues
1062 3091 1245 3176 baeretici,
1273 3115 1370 3161 exce·

196 3203 267 3291 ptis
292 3202 338 3269 iis
370 3201 431 3293 qui
466 3203 685 3290 negationem
722 3198 1019 3269 fundamentalem
1043 3204 1081 3268 in
1105 3199 1207 3268 omni·
1230 3201 1368 3270 haeresi

196 3310 367 3399 implicite
399 3311 563 3377 latentem
599 3310 713 3400 palam
736 3320 772 3376 et
794 3309 961 3398 explicite
996 3311 1212 3397 proclamare
1236 3311 1366 3378 audent

103 3423 106 3430 '
196 3421 252 3502 (ut
276 3415 488 3504 multiplices
520 3415 796 3485 Protestantium
827 3419 976 3502 sectae),
1002 3415 1221 3505 negationem
1248 3436 1365 3506 nempe
1395 3464 1413 3486 s

268 3601 309 3675 (1)
330 3601 474 3655 Comment
493 3617 522 3654 se
541 3589 640 3654 isit-il
659 3600 739 3668 done,
769 3602 854 3667 qu'ils
873 3597 929 3675 (les
955 3602 1072 3654 auriens
1100 3597 1246 3673 pasteure)
1270 3602 1413 3663 diaeum

199 3696 228 3746 si
248 3698 371 3747 sorbent
390 3709 442 3760 que
462 3695 489 3745 le
509 3692 715 3760 saint—Esprit
733 3690 851 3760 procede
870 3691 908 3746 du
927 3693 1006 3760 Pbre,
1027 3710 1092 3744 sons
1105 3693 1187 3759 faire
1200 3693 1310 3756 jamnis
1324 3707 1413 3756 etQ

200 3799 270 3834 cone
287 3784 412 3834 mention
432 3783 470 3834 du
490 3783 570 3833 Fila?
589 3801 616 3849 p.
629 3785 692 3835 370.

269 3869 310 3942 (2)
330 3874 359 3926 Si
379 3873 411 3924 de
432 3889 483 3924 nos
501 3874 593 3940 Jours,
618 3876 652 3925 ob
671 3877 750 3925 toute
769 3873 890 3938 l'Eglise
919 3872 1083 3927 d’Occident
1110 3873 1183 3924 croit
1202 3872 1413 3933 sermenem

193 3971 251 4029 'que
270 3963 296 4013 lc
317 3963 520 4029 saint-aspris
541 3963 658 4028 procede
679 3962 715 4014 du
734 3964 803 4014 Pers
823 3970 852 4015 et
871 3964 907 4015 du
926 3964 999 4030 Fila,
1016 3962 1169 4030 quelqu'un
1190 3963 1224 4015 de
1245 3978 1291 4016 ees
1323 3974 1413 4020 e-

199 4051 280 4103 fants
300 4051 655 4117 venaitare'peterdans
676 4067 720 4103 ses
741 4052 826 4103 ecrits
846 4053 944 4118 quale
964 4051 992 4104 S.
1017 4053 1049 4106 E.
1075 4052 1191 4119 procede
1221 4051 1257 4103 du
1287 4054 1413 4105 Par-

201 4156 268 4194 sans
288 4143 471 4194 mantionner
490 4142 516 4194 le
531 4144 604 4208 Fils,
621 4156 672 4208 que
693 4141 837 4194 dimit-on
859 4142 925 4195 d'un
938 4145 977 4195 tel
992 4143 1141 4195 terivain?
1162 4143 1198 4195 Sa
1218 4143 1258 4195 foi
1279 4159 1315 4196 ne
1348 4152 1413 4194 ἢ

198 4232 332 4283 rsit—elle
353 4247 403 4296 pas
424 4236 562 4298 suspecte,
578 4231 747 4284 condemnes
767 4235 866 4284 meme?
881 4233 950 4283 D’ob
969 4233 1051 4284 vient
1070 4232 1141 4285 done
1161 4246 1226 4299 que,
1242 4246 1315 4298 pour

198 4325 285 4373 mame
304 4320 371 4386 fait,
390 4322 432 4373 les
450 4323 567 4374 enciens
588 4321 763 4375 orthodoxos
783 4324 863 4376 n'ont
887 4335 922 4375 en
950 4333 1058 4375 aucune
1077 4327 1154 4375 sorte
1182 4329 1307 4377 endonru
1346 4333 1351 4337 '

200 4410 293 4468 olane
326 4410 360 4464 de
379 4412 455 4471 leurs
474 4410 702 4477 contemperatus
721 4412 1014 4476 eorreligionnaircss
1030 4429 1057 4480 p.
1073 4411 1135 4464 370.
