3120 4988
688 326 727 341 ..
749 292 807 358 ιω
828 322 866 341 ..

192 407 337 494 praeter.
354 401 455 487 alios,
475 399 630 470 Macrini
654 400 813 470 editores
831 414 976 490 operum
994 393 1156 491 Gregorii
1182 408 1364 494 corrupte

159 564 165 572 .
193 511 263 580 lam
287 509 460 580 versionis
484 531 629 600 graecae
653 509 688 576 in
713 508 1171 598 Dialogis1.11.n.aa‚de
1195 535 1266 604 qua
1289 513 1366 602 agi-³

107 672 109 676 -
193 643 282 702 mus,
308 619 572 708 adscripserunt
594 618 663 706 ipsi
687 618 827 686 Photio.
853 617 995 685 Homini
1016 620 1076 710 qui
1101 620 1288 689 convictus
1312 624 1366 689 est

190 716 492 816 impudentissime
523 727 721 816 corrupisse
745 725 913 816 epistolas
937 726 1146 796 Pontificum
1180 728 1323 797 Nicolai
1347 718 1366 796 I

191 843 226 906 at
248 836 391 904 Ioannis
415 834 517 920 VIII,
543 858 620 903 cum
654 833 691 902 hi
726 834 842 903 adhuc
872 843 975 904 erant
1005 837 1236 932 superstites,
1264 837 1369 905 docu-

191 950 309 1011 menta
331 944 472 1030 integra
488 946 533 1029 (e.
551 968 587 1031 g.
606 939 789 1031 epistolam
806 964 834 1009 s.
853 941 989 1030 Ignatii
1008 942 1123 1011 adhuc
1141 943 1301 1011 viventia
1317 943 1365 1012 cf.

191 1049 474 1139 Hergeuroether
498 1049 540 1118 T.
559 1048 589 1116 Ι.
609 1073 642 1138 p.
661 1048 743 1133 524)
768 1059 803 1116 et
825 1057 906 1116 acta
939 1048 1259 1117 conciliabulorum
1284 1072 1306 1117 a
1331 1055 1368 1120 se'

192 1158 268 1248 ipso
292 1166 582 1247 congregatorum
609 1157 779 1225 confinxit
802 1167 865 1225 aut
887 1157 1133 1246 interpolavit,
1151 1167 1245 1226 carte
1268 1160 1372 1248 inge-²

192 1265 289 1333 nium
301 1277 378 1334 crat
390 1264 686 1354 promptissimum
699 1265 741 1332 ad
756 1264 1026 1354 pervertendum
1040 1265 1202 1353 Gregorii
1218 1266 1365 1351 librum,

195 1372 255 1464 qui
280 1373 315 1439 iu
339 1393 499 1462 graecam
522 1372 679 1461 lingnam
704 1373 904 1440 translatus
919 1383 955 1441 et
970 1373 1061 1462 apud
1079 1372 1279 1441 Orientales
1295 1394 1368 1440 me·

195 1468 264 1571 gno
287 1481 323 1548 in
347 1482 459 1570 pretio
483 1480 626 1549 habitus
641 1480 692 1568 (l)
711 1502 835 1549 novam
859 1480 1029 1548 haeresim
1051 1481 1168 1549 verbis
1184 1480 1370 1570 explicitis

194 1590 447 1660 condemnaret.
474 1588 559 1657 (ium
591 1599 771 1679 praeterea
804 1588 983 1677 corruptio
1006 1576 1178 1657 accideiit
1199 1578 1283 1657 ante
1307 1611 1367 1657 an·

155 1726 159 1736 ⁸
192 1720 275 1768 num
299 1698 365 1766 888
388 1720 513 1787 nempe
532 1704 613 1765 aute
637 1698 770 1764 obitum
793 1696 977 1765 Pontificio
1000 1697 1142 1765 Ioannis
1166 1694 1282 1784 VIII,
1310 1682 1372 1768 cui·

192 1806 339 1876 Ioannes
355 1807 521 1876 diaconus
546 1828 628 1874 suos
644 1805 753 1873 libros
766 1805 808 1874 de
821 1804 909 1874 Vita
922 1805 1088 1895 Gregorii
1103 1796 1253 1891 dicavit,
1269 1829 1372 1878 nemo

194 1936 235 1984 ee
257 1919 372 1984 aetate
395 1913 462 1982 tali
480 1912 628 1981 facinori
645 1913 761 2002 aptior
777 1912 965 2002 impostore
980 1913 1108 1982 Photio
1123 1915 1271 2005 reperiri
1295 1925 1370 2006 pot·

194 2034 261 2094 eat.
284 2024 356 2093 Nec
380 2045 481 2114 porro
511 2020 675 2091 nebuloni
712 2028 849 2110 tempus
880 2019 1000 2090 deerat
1022 2022 1182 2090 idoneam
1217 2023 1301 2091 inde
1325 2025 1372 2092 ab

194 2156 284 2202 anno
306 2133 399 2216 868,
426 2153 493 2222 quo
516 2152 538 2198 a
560 2128 730 2199 Pontifice
753 2129 898 2200 Nicolao
923 2131 1109 2200 damnatus
1132 2139 1291 2221 apertam
1317 2139 1371 2203 re·

196 2239 378 2308 bullionem
403 2240 573 2307 adversus
596 2237 790 2306 Ecclesiam
815 2238 1029 2334 catholicam
1054 2239 1215 2308 meditari
1241 2241 1376 2331 coepit-⁵

196 2348 328 2419 Verum
351 2346 488 2439 quidem
512 2355 577 2430 est,
597 2347 702 2415 etiam
726 2358 768 2414 ut
790 2346 888 2414 locus
904 2334 1075 2417 eustatio
1099 2357 1267 2439 corrupta
1291 2356 1377 2421 ver-'

197 2457 296 2527 sione
316 2477 463 2546 graeca,
488 2453 627 2523 haeresi
649 2454 842 2524 Photianae
865 2455 1002 2524 nullum
1029 2457 1065 2524 in
1086 2479 1126 2526 co
1149 2480 1222 2527 esse
1248 2462 1371 2549 perfu-

193 2566 312 2655 gium,
337 2572 376 2633 at
398 2562 524 2630 Photio
547 2563 640 2630 sicut
656 2562 819 2652 deinceps
842 2564 1000 2631 omnibus
1024 2563 1100 2631 eins
1117 2563 1377 2654 sectatoribus,

196 2674 285 2744 satis
307 2678 396 2756 arat,
423 2669 595 2760 Spiritum
621 2669 787 2739 Sanctum
811 2670 882 2738 dici
906 2671 1088 2761 procedere
1105 2693 1126 2738 a
1141 2673 1262 2763 Patre,
1281 2678 1370 2767 quin

195 2779 305 2848 codem
328 2779 425 2847 uerbo
449 2779 704 2868 exprimeretur
728 2779 901 2866 processio
917 2800 938 2845 a
953 2779 1059 2848 Filio.
1086 2779 1159 2848 Hoc
1175 2779 1236 2847 ille
1261 2791 1378 2872 argu-f

197 2896 349 2960 mentum
365 2909 457 2956 more
472 2886 688 2956 sno'tnmida
711 2886 961 2954 declamatione
976 2887 1136 2956 inculcat
1150 2910 1192 2957 ex
1211 2890 1276 2958 hou
1292 2891 1370 2980 ipso

196 3005 361 3086 corrupto
384 2996 583 3064 testimonio
607 2995 643 3062 in
667 2993 895 3084 Mystagogia
918 3000 968 3083 (n.
983 2995 1109 3081 8486)
1124 2996 1307 3085 appellans
1323 2981 1378 3069 a'dss

196 3105 441 3186 auctoritatem
466 3104 631 3192 Gregorii
654 3103 760 3171 simul
784 3116 819 3171 et
841 3101 1033 3172 Zachariae
1048 3104 1273 3174 Pontificum.

263 3215 377 3283 Locus
400 3213 519 3304 itaque
543 3211 721 3300 Gregorii,
748 3234 847 3303 quem
872 3211 1046 3280 Macarius
1062 3213 1153 3280 citat
1175 3210 1368 3302 interpole-

196 3331 285 3409 tnm,
304 3322 339 3392 iu
356 3321 505 3389 lectione
528 3318 697 3408 originali
720 3328 755 3387 et
771 3318 924 3408 genuina
947 3320 1113 3408 explicite
1128 3319 1271 3389 damnat
1286 3319 1371 3390 hae·

197 3432 300 3501 resim
324 3428 555 3515 Photianam3
580 3429 618 3495 in
641 3428 789 3496 lectione
812 3427 1026 3519 interpolata
1046 3449 1121 3505 eam
1145 3428 1245 3502 nullu
1269 3417 1369 3498 niodo

197 3539 362 3609 includit.
388 3535 629 3626 corruptelam
663 3536 894 3605 certissimam
929 3558 996 3604 uon
1033 3536 1138 3604 altari
1171 3536 1381 3632 quam'ipa'ij

197 3647 336 3737 Piretis,
360 3645 523 3717 falsaturi
547 3644 689 3714 aliunde
713 3645 884 3731 convicto,
910 3643 1234 3735 deberi,'probabile
1251 3629 1380 3749 'uranei⁴

212 3906 222 3912 ··
269 3881 311 3960 (1)
328 3884 402 3938 Hinc
420 3870 619 3951 argumentum
645 3881 788 3952 Scipionis
813 3879 908 3938 uara
935 3881 984 3957 (ad
1002 3884 1137 3938 Anactes.
1157 3864 1377 3938 sinuationem

199 3976 230 4030 iu
244 3977 313 4029 Vita
326 3975 479 4030 zachariae
494 3976 589 4040 iligna
603 3974 636 4028 Τ.
650 3975 806 4029 cxxvm.
817 3991 846 4041 p.
862 3974 952 4043 lora),
965 3974 1038 4042 quod
1053 3975 1183 4040 Gregorii
1198 3975 1380 4028 testimonia

200 4066 309 4119 diserta
327 4082 378 4132 pro
397 4067 575 4132 processione
593 4064 721 4132 Spiritus
740 4064 837 4117 Sancti
858 4081 874 4117 a
892 4066 976 4117 Patre
996 4069 1026 4117 et
1043 4065 1119 4118 uuio
1149 4065 1179 4117 iu
1209 4065 1278 4117 aliis
1307 4065 1369 4118 eins

199 4157 285 4210 libris
304 4159 419 4210 manent
436 4156 559 4223 integra,
581 4147 770 4222 suspicionem
791 4153 859 4207 falsi
878 4170 894 4206 a
913 4152 1016 4207 Pontio
1046 4171 1103 4208 non
1133 4155 1286 4223 abstergit3
1310 4157 1371 4210 alia

199 4247 273 4301 enim
291 4247 345 4299 illa
363 4247 529 4303 testimonia
542 4261 591 4298 neo
605 4250 717 4300 constat
728 4247 829 4311 'graece
843 4245 1002 4312 exstitisse,
1016 4250 1046 4298 at
1059 4247 1292 4315 probabilissime
1306 4245 1370 4314 ipsi

134 4354 140 4362 ·
198 4337 301 4389 Photis
320 4337 368 4390 vel
387 4332 595 4391 certettraeci'e
613 4336 691 4402 aliis,
706 4337 808 4407 quibus
827 4335 879 4389 illc
909 4335 1054 4406 imponere
1085 4327 1246 4406 satagebat,
1274 4336 1381 4392 erent*

199 4425 388 4497 incomperta.
1226 4422 1228 4425 ’
