3120 4988
681 325 719 338 -
739 287 857 356 199·-

183 389 436 459 absolutionem
453 413 493 460 ac
509 393 760 461 concessionem
778 393 869 461 sedis
888 391 1138 481 patriarchalis
1162 391 1349 458 misericor-

183 498 276 564 diter
298 499 474 587 promittit
503 501 562 567 snb
586 500 804 583 conditione,
830 501 860 570 si
884 500 1033 569 Photius
1069 500 1214 589 ipsemet
1238 522 1352 569 coram

184 606 340 675 Concilio
365 609 604 696 congregando
632 608 935 678 «misericordiam
958 607 1157 696 postulet,n
1186 606 1351 675 emiseri-

186 712 339 781 cordiam
362 722 553 805 quaerat,n
581 717 839 785 «satisfaciens
864 738 978 784 coram
1001 717 1134 806 synodo
1158 714 1353 784 misericor·

185 821 279 888 diam
314 823 501 891 secundum
536 825 818 917 consuetudinem
846 823 1101 912 postulaverit,
1128 845 1167 891 ac
1198 823 1353 891 evidenti

187 930 400 998 correctione
432 937 586 999 utaturn
612 932 674 1018 (ib.
706 931 1009 1019 137.147.149.).
1035 933 1164 1002 Contra
1200 952 1281 999 vero
1316 929 1353 999 in

187 1036 309 1104 Photii
332 1039 491 1106 versione
515 1038 598 1108 haee
623 1041 737 1107 omnia
761 1041 864 1129 longe
880 1041 1020 1110 diversa
1037 1047 1131 1108 eunt.
1152 1038 1291 1108 Gaudet
1305 1037 1356 1105 ibi

187 1145 352 1214 Pontifex
369 1147 410 1214 de
434 1149 653 1215 restitutione
666 1148 786 1218 Photii
803 1149 840 1216 in
857 1151 969 1218 sedem
985 1148 1267 1239 patriarchalem,
1286 1169 1356 1238 qna

182 1253 309 1340 fuerat
328 1256 501 1340 priuatas,
518 1270 551 1322 et
574 1280 660 1347 qnae
684 1259 755 1323 eine
779 1271 853 1322 erat
879 1257 1025 1344 propria
1049 1255 1119 1345 (1);
1147 1255 1188 1324 da
1211 1254 1355 1324 satisfa-

189 1359 301 1428 ctione
318 1362 410 1429 etde
431 1363 642 1450 postulanda
666 1362 904 1432 misericordia
929 1362 1050 1430 nullus
1077 1369 1130 1430 est
1156 1383 1278 1446 sermo,
1297 1359 1356 1430 sed

188 1467 270 1536 huic
306 1469 497 1538 conditioni
527 1492 548 1537 a
578 1472 746 1539 Pontifice
780 1472 914 1560 positae
949 1469 1184 1538 substituitur
1220 1467 1357 1538 omnino

188 1575 307 1644 aliud:
337 1578 631 1647 «fraternitatem
661 1587 758 1661 tuam
789 1602 1009 1670 rogamus...
1036 1602 1077 1645 ne
1100 1577 1297 1668 dediqneris
1320 1577 1359 1642 in
1466 1637 1471 1650 ,

188 1684 314 1774 synodo
333 1686 538 1774 praedicare
554 1687 621 1753 Dei
637 1711 719 1777 erpa
741 1703 772 1755 te
794 1686 1064 1756 mirericordiam
1080 1702 1114 1754 et
1130 1711 1236 1777 opem,
1255 1700 1360 1777 atque

192 1795 428 1861 sanctissimae
460 1795 634 1863 Romanae
667 1796 846 1864 Ecclesiae
876 1798 1118 1886 protectionem
1142 1809 1174 1861 et
1198 1793 1357 1877 latorem,

191 1923 290 1990 quem
314 1923 377 1988 pro
400 1908 517 1968 tenero
541 1925 603 1971 suo
620 1903 709 1999 inte
733 1905 864 1974 affectu
887 1910 923 1971 et
946 1925 1061 1970 amore
1086 1901 1269 1985 sustinuit,
1283 1923 1358 1989 per·

193 2009 341 2077 suadens
365 2010 523 2077 omnibus
547 2010 765 2086 concordiam
790 2033 875 2100 erga
897 2017 932 2079 te
956 2016 992 2078 et
1013 2031 1100 2098 erga
1121 2016 1275 2078 nostram
1300 2031 1357 2099 ap·

192 2118 457 2202 probationem»
483 2119 544 2204 (ib.
565 2143 598 2207 p.
616 2118 696 2189 413.
714 2118 824 2204 416.).

254 2225 332 2292 Iam
357 2247 439 2293 vero
463 2226 493 2294 si
517 2225 616 2294 homa
639 2226 708 2295 iste
743 2226 843 2315 ipsas.
861 2223 1045 2294 Pontificis
1067 2224 1233 2314 epistolas
1261 2245 1360 2313 prae-

191 2332 349 2400 sentibus
372 2331 521 2421 legatis,
548 2333 608 2424 qui
633 2355 792 2423 graecam
827 2332 985 2422 linguam
1008 2355 1076 2401 non
1100 2331 1358 2422 intelligebant,

186 2449 219 2510 et
245 2463 365 2509 coram
390 2441 630 2511 Conciliabulo
661 2451 732 2510 tam
768 2442 987 2530 impudenter
1012 2463 1230 2531 corrumpere
1254 2462 1361 2509 ausus

180 2556 252 2634 est,
281 2547 394 2617 multo
418 2550 562 2618 facilius
585 2551 622 2618 in
646 2541 752 2619 dictis
775 2555 811 2618 et
833 2547 1171 2619 actisConciliabuli
1193 2549 1267 2636 ipse
1283 2571 1361 2616 con·

173 2652 307 2740 finxit,
336 2677 423 2745 quae
447 2656 573 2726 voluit.
599 2657 698 2726 Unde
723 2657 817 2726 sicut
841 2663 972 2726 certum
995 2663 1049 2725 est
1065 2664 1100 2725 et
1119 2655 1270 2724 iuridice
1285 2678 1362 2744 pro-

172 2762 324 2851 batum,
349 2789 370 2833 a
392 2766 515 2836 Photio
539 2775 618 2838 acta
641 2791 724 2836 suae
747 2768 875 2858 synodi
898 2768 982 2836 anni
999 2769 1076 2838 867.
1097 2769 1207 2838 fuisse
1231 2790 1292 2856 pro
1307 2767 1362 2836 lu-

172 2872 266 2945 bitu
291 2875 451 2957 conficta,
471 2875 524 2943 ita
540 2876 684 2945 dubium
707 2884 823 2945 manet
846 2877 882 2943 in
906 2875 1147 2947 Conciliabulo
1171 2876 1233 2944 hoc
1251 2875 1362 2943 altero

172 2986 272 3054 anni
299 2983 377 3051 879.
397 2983 474 3067 880,
502 3007 669 3074 quaenam
693 2992 729 3054 et
753 2991 885 3077 quanta
908 2982 1032 3053 servili
1052 2984 1170 3051 'animo
1194 2982 1362 3050 abiectae-

172 3115 255 3186 que
281 3091 479 3159 adulationi
503 3092 776 3177 Photianorum,
814 3098 877 3160 aut
910 3091 1120 3181 corruptelis
1156 3113 1195 3160 ac
1227 3090 1363 3158 fictioni

172 3197 312 3268 Photii
329 3199 442 3289 ipsius
459 3199 644 3269 tribuenda
662 3201 744 3269 sint.
764 3201 838 3269 Hoc
851 3201 992 3268 dubium
1008 3204 1083 3268 tum
1101 3199 1213 3291 quoad
1231 3198 1364 3287 priores

172 3307 348 3401 quinque
372 3308 527 3377 actiones
551 3316 730 3394 movetur,
756 3315 832 3378 tum
854 3331 923 3376 non
952 3308 1068 3376 minus
1093 3307 1227 3375 obtinet
1251 3305 1363 3398 quoad

172 3415 348 3486 actiones
373 3418 461 3486 duas
486 3416 629 3486 ultimas
645 3417 708 3505 (2),
727 3417 854 3509 quibus
871 3415 1049 3484 damnatio
1068 3414 1293 3504 professionis
1309 3434 1363 3483 oa·

266 3689 309 3766 (l)
325 3693 384 3748 ‘Ort
404 3692 420 3752 ἡ
441 3693 578 3762 ἁγιωτατη
599 3711 643 3744 του
664 3699 721 3745 θεου
738 3695 1032 3745 Κωνσταντινοπολιτων
1050 3676 1179 3745 initiare
1195 3683 1221 3739 ἐν
1237 3703 1277 3739 σοι
1293 3701 1366 3739 avrt-

190 3796 299 3852 φωνησε
319 3803 362 3834 και
384 3787 495 3841 carnide
515 3802 566 3845 cor,
585 3801 628 3833 nat
656 3781 695 3833 ὁτι
717 3802 759 3832 τον
785 3788 881 3852 terror,
901 3781 927 3833 όν
948 3778 1102 3847 ἐστηρηθης,
1121 3775 1266 3844 ἄπελαβες,
1287 3775 1315 3838 ὅς
1335 3772 1364 3834 n’r

192 3871 263 3931 ianr
283 3891 340 3935 σου,
361 3872 425 3940 o‘nrp
446 3890 548 3941 rector,
566 3877 636 3941 λεγω
656 3874 686 3927 δη
707 3891 752 3931 της
772 3869 915 3929 intinctae
936 3889 978 3921 και
1001 3887 1047 3926 της
1066 3867 1322 3930 incruentorum,
1335 3863 1365 3923 ἦν

202 3963 239 4023 tre
259 3985 301 4016 ror
322 3963 386 4017 iiror
407 3971 493 4033 θρονον
512 3983 656 4025 rarenter,
676 3970 721 4030 ὓεῳ
741 3981 786 4017 την
807 3958 980 4030 {exaquantur
1000 3949 1028 4024 ἐξ
1049 3957 1112 4019 ὅλης
1132 3956 1225 4030 ψυχης
1251 3978 1294 4010 και
1324 3961 1367 4010 δυ-

204 4071 300 4123 raptat
320 4053 524 4125 ἅνεπεμψαμεν.
895 4039 898 4042 ’

268 4139 312 4218 (2)
330 4145 432 4197 Plures
452 4132 511 4198 riri
542 4142 618 4197 docti
647 4141 777 4210 quamvis
806 4140 963 4194 admittant
991 4136 1082 4205 quoad
1113 4153 1207 4191 rerum
1234 4150 1368 4191 summam

206 4235 323 4304 quinque
342 4235 454 4302 priores
473 4235 601 4288 actiones
621 4249 687 4289 vere
706 4232 874 4298 celebratas,
896 4233 1014 4284 causent
1033 4232 1127 4282 tamen
1147 4228 1199 4282 has
1218 4227 1287 4282 duas
1300 4225 1368 4279 ulti·

205 4308 258 4379 mas
278 4325 390 4379 omnino
409 4340 427 4378 a
445 4325 549 4379 Photio
568 4325 710 4391 confictus,
722 4324 800 4376 inter
819 4336 887 4390 quos
907 4325 952 4375 est
970 4335 1085 4388 graecus
1104 4319 1277 4374 scholiastes
1293 4313 1368 4388 apud

205 4411 293 4471 Manat
310 4415 402 4473 xrn.
422 4432 450 4486 p.
468 4415 530 4470 511.
550 4413 630 4487 (ride
649 4413 878 4480 Hergenroether
893 4432 906 4462 e
920 4411 1039 4466 Photlus
1055 4431 1068 4462 n
1083 4411 1115 4466 Τ.
1129 4412 1169 4467 11.
1183 4404 1298 4481 pean.)
