3120 4988
857 433 893 447 -
916 399 974 463 292
997 433 1033 446 -

293 583 297 586 ,
362 531 499 602 quoque
523 507 616 576 sicut
640 508 681 576 de
702 507 796 576 Filio
819 508 911 576 nihil
936 507 1007 575 nisi
1030 528 1104 575 esse
1127 512 1260 592 natum,
1280 508 1332 576 ita
1357 508 1399 577 de
1422 506 1512 601 Spiri-

362 629 403 689 tu
426 620 518 687 nihil
542 618 614 687 nisi
635 640 709 688 esse
735 619 907 709 Spiritum
932 618 1053 686 Patris
1078 618 1192 686 dicere
1217 618 1336 688 vellen
1370 614 1510 708 (psit).

348 728 434 795 vHoc
457 731 648 809 esttotum,
669 748 736 816 quo
759 725 906 814 Langen
922 724 1198 792 demonstratum
1218 731 1337 814 putat,
1355 725 1514 794 Hilarium

365 861 379 894 e
400 838 530 902 certem
555 854 653 901 suam
667 832 880 900 'sententium
899 861 914 895 e
935 833 976 900 de
993 832 1211 921 processione
1235 830 1397 921 Spiritus
1413 831 1513 901 Sancti

362 937 567 1006 distinxisse
592 960 612 1004 a
630 965 647 1000 e
664 936 805 1028 proprie
828 937 924 1004 dicta
947 937 1108 1006 doctrina
1138 936 1318 1006 Ecclesiae
1336 938 1400 1008 nl!
1440 958 1442 962 “

347 1034 351 1041 ’
428 1046 667 1135 Augustinus,
687 1045 782 1112 ultro
800 1045 935 1112 fatente
963 1044 1179 1130 adversario,
1206 1046 1290 1113 data
1316 1068 1422 1136 opera
1448 1046 1514 1113 mul·

363 1153 411 1220 tis
434 1154 471 1220 iu
494 1153 582 1222 locis
618 1153 714 1240 (vide
739 1153 860 1222 Tract.
888 1153 930 1220 de
953 1152 1051 1221 Trin.
1086 1152 1154 1222 Th.
1182 1151 1351 1241 XXXV.)
1380 1153 1512 1223 declara·

365 1261 421 1334 vit
443 1263 637 1333 doctrinam
662 1264 704 1331 de
727 1256 945 1360 processione
980 1245 1129 1332 aPetre
1162 1263 1325 1356 Filioque
1356 1271 1511 1358 tamquam

363 1371 406 1438 ab
430 1392 498 1437 uno
521 1370 695 1459 principio
722 1370 966 1438 indubitanter
992 1376 1123 1438 certam
1146 1377 1182 1440 et
1204 1372 1241 1439 in
1265 1390 1312 1442 ss,
1333 1372 1510 1467 Scripturis

366 1484 576 1546 contentam.
614 1480 665 1547 At
698 1478 831 1567 reperit
865 1485 983 1547 noster
1019 1477 1227 1569 theologus,
1253 1502 1323 1548 non
1343 1483 1510 1576 *ubiques

366 1609 394 1653 s.
422 1586 560 1654 doctore
591 1588 712 1676 urgeri
736 1592 771 1654 et
794 1585 968 1675 postulari
991 1585 1081 1654 hanc
1104 1588 1374 1675 professionem,
1401 1589 1511 1676 sedtin

366 1679 455 1760 libro
492 1694 533 1762 de
552 1693 635 1761 'fide
670 1700 706 1761 et
740 1692 898 1782 symbolo
932 1718 966 1761 n.
998 1694 1053 1762 16.
1089 1694 1150 1781 20;
1185 1694 1233 1762 de
1260 1696 1363 1784 agon.
1404 1695 1508 1764 christ.

366 1824 401 1869 n.
418 1800 472 1869 15.
489 1824 556 1892 sq.;
572 1801 613 1869 de
626 1801 773 1890 symbol.
792 1801 835 1868 ad
848 1800 1040 1870 catechum.
1060 1824 1161 1870 serm.
1177 1800 1205 1870 I.
1222 1825 1257 1869 n.
1273 1790 1330 1890 18,
1347 1804 1417 1874 III.
1434 1804 1510 1888 nt.)

371 1909 628 1978 commemorari
649 1909 838 1977 dumtaxat
860 1909 963 1977 fidem
987 1910 1024 1976 in
1047 1930 1155 1977 unum
1177 1910 1350 1998 Deum‘et
1373 1896 1510 2002 tresper·

370 2002 471 2085 sonas
495 2016 812 2085 consubstantiales
827 2015 889 2104 (1).
918 2017 961 2084 In
984 2017 1194 2087 Enchiridio
1217 2042 1246 2086 c.
1278 2019 1310 2089 9.
1350 2048 1366 2080 a
1384 2021 1510 2090 declarat

371 2125 578 2194 credendum
602 2146 688 2209 esse,
705 2126 815 2193 Deum
836 2147 911 2193 esse
935 2125 1159 2210 Trinitatem,
1176 2126 1320 2195 Patrem
1344 2129 1472 2223 scilieet
1488 2131 1510 2195 et

370 2237 504 2333 Filium
528 2256 549 2303 e
572 2237 677 2304 Patre
701 2235 873 2325 genitum,
902 2239 940 2303 et
963 2233 1134 2324 Spiritum
1160 2217 1326 2303 Sanctum
1357 2222 1402 2304 ab
1423 2237 1511 2306 eodem

374 2346 477 2413 Patre
500 2344 740 2436 procedentem
756 2345 827 2433 (2),Δ
838 2342 897 2412 sed
916 2365 1023 2411 unum
1047 2343 1259 2433 eundemque
1276 2328 1448 2434 Spiritum
1465 2345 1510 2411 Pe·

367 2546 369 2550 '
442 2539 485 2616 (1)
503 2545 537 2596 In
551 2545 680 2599 omnibus
699 2545 767 2598 istis
786 2545 857 2598 locis
875 2541 1054 2610 Augustinus
1073 2543 1151 2597 nihil
1163 2543 1243 2597 aliud
1263 2545 1351 2599 babet
1369 2546 1509 2615 quantula·

371 2634 510 2688 cheticam
525 2634 754 2699 explanationem
768 2633 886 2687 articuli
901 2635 931 2687 in
945 2633 1072 2699 symbolo
1085 2634 1252 2700 apostolico,
1268 2635 1350 2686 credo
1363 2637 1397 2694 iu
1408 2635 1511 2707 Spiritum

283 2778 286 2781 .
349 2728 519 2787 -Screctcm,
547 2723 718 2790 insistitque
743 2724 922 2791 potissimum
942 2723 1114 2776 veritatibus
1133 2724 1311 2791 impugnatis
1331 2726 1366 2778 ab
1387 2722 1512 2778 haereticis

372 2814 454 2866 illius
474 2812 599 2879 aetatis,
627 2813 816 2865 nihilominus
841 2812 891 2864 ubi
914 2810 949 2871 de
967 2810 1101 2864 relativis
1121 2810 1283 2866 nominibus
1307 2829 1399 2878 sermo
1418 2808 1512 2872 incidit,

371 2902 579 2955 catechumenis
599 2902 727 2955 declarat
745 2898 842 2975 (serm.
862 2901 916 2953 III.
937 2908 970 2954 n.'
985 2898 1046 2970 9.):
1076 2902 1188 2956 «Pater
1212 2918 1268 2954 non
1288 2906 1335 2956 est
1352 2904 1458 2970 Filius,
1480 2897 1514 2953 sed

371 2993 457 3044 Peter
475 2992 562 3057 Filii;
583 2992 677 3044 Filius
697 3007 754 3043 non
768 2995 814 3044 cst
831 2991 927 3058 Pater,
946 2991 998 3043 sed
1016 2991 1112 3044 Pilius
1132 2995 1180 3044 est
1194 2994 1310 3060 Patris3
1331 2994 1453 3062 Spiritus
1464 2992 1514 3045 San-

370 3085 434 3136 ctus
453 3097 503 3134 nec
521 3084 607 3135 Pater
626 3085 671 3133 est
689 3098 740 3135 nec
757 3083 860 3149 Filius,
874 3081 922 3133 scd
940 3082 1063 3148 Spiritus
1072 3093 1111 3143 set
1120 3083 1215 3135 Putris
1228 3090 1255 3133 et
1267 3084 1369 3138 Filii.»
1384 3085 1515 3139 Adbuccx·

372 3171 498 3238 pressius
509 3171 560 3223 boc
570 3170 643 3222 idem
655 3170 727 3223 dicit
742 3172 772 3223 in
785 3187 911 3223 sermone
922 3171 1008 3223 tertio
1019 3170 1052 3221 de
1064 3170 1223 3223 redditione
1236 3173 1361 3236 symboli
1373 3173 1462 3245 (serm.
1469 3169 1514 3223 214.

374 3256 492 3330 n.10.):
515 3259 681 3312 «credimus
702 3261 733 3311 in
751 3261 890 3328 Spiritum
910 3259 1043 3312 Sanctum
1061 3260 1095 3311 de
1113 3262 1199 3312 Patre
1217 3261 1417 3327 procedentem
1435 3262 1514 3313 necta¹

373 3365 435 3415 men
454 3344 577 3413 Filium
600 3365 683 3416 super
696 3350 801 3401 Filium
816 3346 1018 3422 (incarnatum)
1038 3353 1207 3416 manentem,
1228 3366 1279 3403 nec
1294 3354 1389 3405 tamen
1408 3353 1469 3405 Ililii
1481 3364 1514 3417 pe-

373 3443 462 3505 trem3
485 3437 517 3489 dc
529 3431 604 3490 Filii
617 3440 803 3505 accipientem,
826 3455 876 3490 uec
889 3448 980 3491 tomen
1000 3441 1075 3491 Filii
1091 3441 1187 3505 fitium
1197 3458 1206 3504 ς
1224 3440 1272 3492 sed
1289 3442 1427 3508 ‘Spiritum
1444 3437 1516 3492 Patris

373 3539 399 3583 et
411 3531 486 3583 uteie·
488 3567 543 3583 .....
563 3530 639 3583 Haeo
657 3529 727 3592 fides
748 3531 857 3583 imbuat
875 3530 960 3583 corda
973 3535 1072 3584 vestra
1084 3534 1114 3583 et
1126 3531 1333 3585 contessionem
1345 3533 1464 3598 dirigar
1480 3530 1516 3581 loo

373 3618 513 3674 audiendo
532 3619 649 3686 credito,
671 3622 704 3671 ut
721 3619 908 3684 intelligatis.
924 3641 937 3667 e
1375 3670 1390 3690 .·
1408 3672 1411 3677 ,

347 3774 349 3777 Υ
444 3707 485 3782 (2)
503 3708 652 3762 Adnttant
663 3710 793 3772 Maurini,
807 3711 839 3762 in
855 3710 961 3762 duobus
972 3709 1114 3770 codicibus
1128 3711 1277 3765 Vaticanis
1289 3713 1438 3767 lectionem
1455 3723 1515 3764 esse:

375 3803 435 3854 aab
449 3800 543 3852 ecdem
561 3804 645 3854 Patre
659 3810 685 3851 et
697 3803 774 3851 Filio
794 3801 1026 3867 procedentem.»
1046 3802 1212 3867 Langcnius
1231 3803 1318 3871 huius
1338 3790 1464 3857 lectionis
1479 3798 1516 3853 tel·

374 3892 490 3944 sitatem
514 3891 556 3942 ait
575 3897 712 3957 apparere
733 3907 767 3942 ex
787 3892 884 3944 verbis
902 3885 938 3943 'in
958 3895 1040 3943 textu
1060 3893 1216 3956 Augustini
1234 3895 1436 3960 sequentibus,
1456 3883 1517 3942 used

373 3995 459 4031 unum
480 3979 651 4046 eundemque
670 3980 807 4046 Spiritum
821 3980 917 4032 Patris
931 3984 959 4031 et
971 3980 1079 4032 Filii.»
1101 3982 1158 4033 Imo
1173 3996 1239 4033 vero
1258 3982 1285 4033 si
1305 3981 1473 4048 argumentis
1488 3977 1518 4028 lu·

375 4069 467 4119 ternis
486 4058 724 4134 agendum'esset,
745 4068 833 4121 verba
848 4068 1000 4134 sequentia
1017 4071 1046 4120 ot
1065 4069 1163 4124 modus
1178 4069 1347 4136 disputandi
1359 4065 1518 4134 Augustinia·

375 4173 427 4209 nus
447 4157 561 4210 aliunde
581 4162 740 4225 'compertus
753 4157 1096 4225 .pcrsuaderent,·voram
1115 4159 1265 4215 lectionem
1285 4176 1348 4217 csse
1367 4161 1446 4230 illam
1459 4155 1519 4212 Veti-

375 4265 481 4303 canam.
497 4250 552 4310 ,Ait
572 4264 669 4317 nempe
690 4265 713 4304 s.
735 4249 847 4302 doctor:
869 4249 973 4301 licata
993 4250 1101 4303 duobus
1127 4251 1286 4317 procedat,
1299 4268 1356 4304 non
1376 4257 1464 4305 temen
1480 4248 1518 4300 duo

375 4341 443 4389 sunt
454 4339 647 4405 procedentes,
664 4338 712 4390 sed
725 4352 797 4390 unus
809 4338 939 4403 idemque
952 4339 1077 4405 Spiritus
1089 4340 1185 4392 Patris
1200 4344 1229 4394 et
1241 4341 1324 4396 Filii.
1346 4342 1446 4394 Eodem
1459 4335 1517 4391 molo

374 4430 589 4492 argumentetur
607 4431 682 4479 cont.
703 4427 852 4481 Maximin.
873 4429 893 4479 l.
914 4429 953 4479 Π.
974 4442 998 4479 c.
1021 4428 1063 4479 14.
1086 4444 1114 4481 n.
1138 4431 1171 4480 1:
1194 4429 1351 4496 «Spiritus
1370 4425 1517 4483 Sanetusut

376 4531 495 4588 utroque
507 4518 646 4586 procedit,
669 4518 744 4572 sieut
762 4519 819 4572 iam
834 4517 1027 4586 ostendimus,
1048 4518 1122 4571 nude
1139 4522 1172 4573 ct
1188 4518 1319 4588 Spiritus
1334 4522 1429 4576 Patris
1446 4519 1517 4572 uictu
