3120 4988
705 144 743 160 -
761 111 825 177 273
844 145 882 160 -

196 231 358 299 cundum
381 228 569 318 genuinam
602 226 784 296 lectionem
817 223 974 296 Basilius
1007 224 1152 318 eiusque
1187 249 1376 318 germanus

194 340 319 407 frater
342 336 535 425 Gregorius
558 335 592 406 N
592 357 755 426 yssenue.
971 409 976 416 g

271 445 498 514 Manifestum
521 451 576 512 est
598 443 724 532 igitur,
743 443 977 511 Athanasium
993 447 1029 510 et
1043 441 1286 532 'Augustinum
1307 466 1375 513 non

191 577 278 624 esse
301 568 455 621 auctores
479 553 668 636 doctrinae,
689 551 748 619 sed
771 572 846 618 eam
870 551 1041 641 reperisse
1064 551 1232 619 traditam
1255 553 1293 619 iu
1309 552 1377 622 Ec-
1401 585 1403 590 ¹

191 665 324 734 clesia.
350 663 468 754 Atque
491 661 545 729 ita
567 682 641 729 eam
658 658 863 728 distinctius
880 658 1127 750 explicuerunt
1143 666 1178 728 et
1194 660 1375 730 confirma-

190 778 303 856 runt,
322 794 390 839 non
406 770 545 862 quidem
568 768 733 858 polemice
757 767 980 857 disputantes
996 768 1037 836 de
1059 767 1137 856 ips'a
1153 769 1374 858 processione

191 905 243 951 ex
268 880 374 962 Filio,
393 877 565 969 siquidem
586 877 625 963 iu
649 877 714 944 hoc
737 876 851 966 capite
874 875 1105 944 calumniator
1121 875 1242 944 nullus
1265 878 1376 947 insta-

192 991 283 1075 bat3
311 988 370 1056 sed
395 986 588 1055 doctrinam
612 983 912 1069 ecclesiasticam,
938 983 979 1051 de
1004 1005 1073 1075 qua
1095 987 1251 1075 quaestio
1275 988 1375 1055 nulla
1468 999 1471 1006 '

194 1097 320 1167 adhuc
343 1079 559 1179 movebatur,
587 1098 818 1182 supponentes
843 1099 878 1160 et
901 1097 1132 1182 proponentes
1154 1093 1198 1160 ad
1222 1094 1372 1182 explica·

196 1207 334 1273 tionem
358 1202 508 1270 unitatis
532 1207 576 1270 et·
591 1199 831 1270 distinctionis
863 1200 901 1266 in
931 1201 1099 1287 mysterio
1124 1200 1314 1270 Trinitatis
1338 1209 1373 1272 et

200 1315 248 1382 ad
273 1313 541 1381 instructionem
564 1309 733 1394 fidelium,
761 1314 801 1377 ut
824 1307 1026 1400 plerumque
1050 1306 1288 1397 Augustinus,
1316 1312 1372 1382 vel

202 1444 244 1490 ea
269 1426 408 1489 utentes
431 1418 559 1487 adalia
575 1419 739 1507 dogmata
756 1413 926 1485 adversus
943 1415 1137 1485 haereticos
1151 1440 1375 1509 propugnan-

203 1531 260 1613 da,
288 1533 329 1596 ut
351 1530 424 1596 fere
448 1527 628 1615 disputare
653 1525 742 1593 solet
765 1523 996 1611 Athanasius,
1014 1526 1058 1594 ed
1083 1533 1370 1618 propugnandam

203 1641 346 1730 inquam
370 1637 595 1705 divinitatem
618 1634 720 1720 Filii,
745 1657 784 1703 eo
808 1635 898 1726 quod
922 1636 965 1703 ab
989 1635 1065 1725 ipso
1089 1640 1254 1725 procedat
1277 1643 1370 1713 Deus

204 1747 359 1837 Spiritus
385 1746 548 1828 Sanctus,
567 1743 625 1811 vel
649 1743 818 1811 adversus
839 1743 1061 1811 concedentes
1076 1744 1170 1813 Filio
1188 1753 1224 1815 et
1241 1771 1369 1839 negan-

205 1860 257 1922 tes
281 1853 433 1943 Spiritui
458 1853 586 1919 Sancto
610 1851 767 1919 divinam
790 1857 968 1934 naturam,
985 1852 1029 1919 ad
1053 1852 1143 1921 hanc
1166 1849 1277 1943 ipsam
1296 1858 1370 1946 Spi-

205 1962 294 2029 ritui
319 1961 445 2029 Sancto
469 1959 688 2027 asserendam
711 1981 753 2026 ex
777 1958 993 2048 processione
1016 1981 1038 2026 a
1052 1961 1246 2032 DecPatre
1261 1969 1296 2034 et
1310 1963 1369 2032 Fi-

207 2072 266 2155 lio,
293 2070 351 2140 vel
374 2069 478 2161 (quod
503 2068 645 2158 perinde
668 2073 736 2155 est)
759 2089 780 2134 a
804 2068 915 2136 Patre*
931 2091 992 2158 per
1014 2068 1159 2139 Filium.

269 2180 304 2247 2⁰
328 2177 545 2246 Athanasius
569 2182 603 2244 et
625 2175 871 2265 Augustinus,
898 2175 992 2245 sicut
1013 2177 1077 2245 alii
1100 2181 1224 2248 Patres
1252 2204 1369 2254 omnes

203 2288 415 2378 explicatius
440 2287 481 2355 de
505 2285 641 2374 origine
665 2285 821 2374 Spiritus
840 2285 961 2353 Sancti
977 2291 1184 2374 tractantes,
1203 2291 1367 2363 exhibent

203 2396 452 2487 processionem
476 2414 508 2462 a·
519 2395 624 2461 Patre
640 2399 676 2462 et
691 2393 785 2461 Filio
809 2393 866 2463 vel
890 2416 949 2482 per
965 2394 1097 2464 Filium
1115 2403 1157 2466 ut
1172 2420 1370 2489 expressam

202 2508 237 2573 in
260 2505 420 2573 doctriua
443 2502 577 2573 Christi
600 2507 637 2570 et
651 2503 899 2592 Apostolorum
923 2503 1075 2595 adeoque
1100 2511 1142 2572 ut
1173 2507 1369 2578 doctrinam

202 2613 404 2694 revelatam,
422 2611 641 2703 potissimum
659 2610 699 2677 in'
713 2633 764 2695 eo,
784 2611 873 2702 quod
890 2611 1048 2700 Spiritus
1065 2612 1198 2682 dicitur
1210 2617 1366 2706 accipere

202 2747 223 2791 a
245 2723 337 2790 Filio
361 2722 454 2789 sicut
476 2720 594 2788 Filius
618 2719 732 2787 omnia
756 2720 884 2808 accipit
900 2741 921 2786 a
937 2721 1054 2803 Patre,
1073 2726 1109 2787 et
1125 2721 1269 2791 docetur
1292 2747 1368 2794 esse

203 2832 298 2900 sicut
320 2829 438 2896 Patris
463 2829 516 2894 ita
539 2826 627 2894 Filii
643 2826 811 2917 Spiritus,
830 2827 965 2895 nomine
983 2828 1157 2916 personali
1172 2831 1311 2920 proprio
1326 2855 1368 2901 ac

202 2945 384 3032 propterea
399 2936 730 3026 relativophancque
747 2937 940 3004 doctrinam
957 2942 1126 3022 tractant,
1142 2947 1181 3006 ut
1197 2941 1362 3026 diximus,

203 3071 275 3118 eam
289 3055 365 3115 tum
378 3047 414 3114 in
429 3046 651 3134 persuasione
662 3043 819 3111 fidelium
832 3051 1062 3133 supponentes
1075 3052 1149 3114 tum
1162 3047 1366 3120 adhibentes

202 3157 246 3224 ad
260 3156 331 3223 alia
344 3155 423 3221 fidei
438 3154 601 3241 dogmata
614 3151 861 3218 confirmanda.
876 3151 981 3220 Valet
996 3174 1115 3243 nempe
1130 3153 1187 3223 hic
1200 3156 1242 3223 de
1255 3157 1369 3225 Atha-
1399 3146 1401 3151 ¹

201 3266 298 3334 nasio
322 3269 358 3334 et
379 3260 583 3352 Augustino
607 3262 697 3352 quod
721 3261 762 3328 de
786 3259 934 3327 aliorum
950 3263 1096 3329 Petrum
1120 3263 1365 3355 doctrinaipse

198 3373 424 3461 Augustinus
448 3376 689 3438 commemorat
711 3368 748 3435 in
773 3368 842 3436 alio
866 3369 1038 3456 dogmate:
1060 3369 1179 3438 «Erat
1190 3374 1283 3460 apud
1298 3373 1364 3443 Ec·

200 3481 327 3550 olesiee
350 3479 450 3546 fidem
474 3483 575 3544 tenta
608 3476 806 3544 constantia
836 3477 1072 3560 custoditum,
1099 3485 1140 3544 ut
1162 3479 1205 3544 ab
1228 3481 1363 3572 eisqui

199 3591 321 3658 divina
345 3590 540 3656 tractarent
562 3585 723 3675 eloquia,
750 3586 861 3673 magia
893 3587 1114 3651 carissimum
1141 3589 1363 3675 proferretur

200 3699 245 3766 cd
269 3699 344 3764 alia
363 3697 467 3785 feteo
490 3692 701 3782 refutanda,
726 3715 830 3784 quam
854 3691 892 3757 id
915 3707 1087 3784 tamquam
1106 3694 1243 3782 falsum
1266 3697 1364 3786 refu-

189 3809 272 3874 ,tarc'
295 3806 337 3871 ab
361 3806 479 3894 aliquo
504 3815 726 3878 taratantara
753 3799 861 3887 (Augu.
892 3801 934 3867 de
958 3804 1094 3869 Peccat.
1115 3803 1231 3870 merit.
1251 3810 1286 3871 et
1310 3781 1361 3875 re·

198 3916 294 3983 miss.
311 3913 337 3983 1.
356 3912 423 3980 ΙΠ.
443 3934 477 3978 n.
498 3911 582 3992 14.).
609 3909 679 3990 Qui
702 3907 766 3975 hoc
789 3907 887 3975 modo
910 3908 947 3975 in
971 3910 1154 4000 Scriptura
1179 3911 1358 3996 traditam,

197 4025 234 4092 in
258 4022 325 4089 fide
350 4018 514 4086 creditam
543 4023 739 4105 proponunt
761 4023 797 4082 et
819 4023 1018 4106 supponunt
1048 4017 1241 4084 doctrinam
1257 4069 1275 4104 ,¹
1291 4041 1360 4112 qua

198 4150 323 4222 quaeso
347 4125 481 4192 ratione
504 4123 573 4213 ipsi
597 4124 670 4190 eius
694 4137 846 4190 auctores
868 4124 1001 4191 censeri
1025 4124 1198 4212 possunt?

172 4259 174 4263 ’
265 4236 305 4303 3¹⁰
329 4233 367 4302 Si
385 4254 618 4322 supponamus
633 4231 823 4323 paulisper,
851 4233 1101 4324 quodquidam
1129 4232 1358 4302 falsissimum
1388 4300 1391 4311 ,

275 4375 433 4432 aarum,
450 4374 487 4420 De
501 4382 611 4434 process.
629 4370 738 4431 Spiritus
754 4369 847 4419 sancti·
1249 4370 1279 4417 18
