3120 4988
685 283 810 349 -208
827 317 871 332 -

256 383 312 453 Ex
334 386 390 453 his
413 387 642 464 Romanorum
665 387 875 458 Pontifioum
898 385 1248 458 condemnationibus
1269 384 1371 457 sieut

192 496 230 563 in
253 495 459 566 occidentali
484 496 537 564 ita
558 495 663 565 stiam
687 496 725 563 in
748 497 912 566 orientali
935 497 1095 567 Ecclesia
1114 497 1155 568 de
1170 497 1370 588 illegitimo

191 603 393 694 episcopatu
415 603 534 672 Photii
556 609 593 673 et
609 604 650 672 de
672 603 833 695 nequitia
845 604 1164 676 conciliabulorum
1188 607 1266 675 eius
1284 592 1369 674 nul·

191 711 264 779 lum
286 718 363 779 erat
387 711 553 796 dubium,
580 711 704 794 saltem
734 712 815 781 inde
839 733 860 780 a
884 712 1036 781 secunda
1059 713 1263 803 expulsione
1289 713 1369 782 eius

94 857 99 867 ·
192 841 282 888 anno
304 819 383 889 886.
407 843 469 910 per
500 820 646 893 Leonem
670 819 722 889 VI
757 819 973 909 (Sapientem
1008 843 1069 890 seu
1100 821 1370 913 Philosophum)

191 927 319 996 Basilii
342 927 539 995 Macedonis
562 927 675 994 filium
698 932 735 996 et
750 950 994 1012 successorem,
1010 936 1121 1020 usque
1144 929 1189 998 ad
1204 935 1370 1020 tempora

193 1034 320 1125 quibus
344 1034 495 1103 schisma
514 1035 675 1103 aPhotio
696 1035 881 1104 initiatum
904 1037 1199 1105 confirmationem
1224 1039 1366 1128 accepit

194 1149 230 1212 et
251 1144 583 1233 coagmentationem
607 1144 644 1212 in
667 1166 885 1233 synagogam
909 1143 1129 1214 Photianam.
1158 1147 1230 1214 Sub
1250 1147 1369 1236 patri·

193 1251 310 1320 archis
333 1253 394 1343 qui
416 1251 530 1321 sedem
545 1252 665 1341 adepti
681 1260 765 1321 sunt
780 1259 858 1342 post
873 1253 1049 1338 Photium,
1065 1253 1243 1343 Stephano
1260 1256 1367 1342 (Lec-

192 1360 248 1428 nis
272 1358 337 1428 VI.
363 1360 509 1444 fratre),
535 1380 566 1429 s.
581 1359 738 1428 Antonio
762 1351 922 1446 Canlea‚·
937 1361 1083 1431 Nicolao
1105 1362 1260 1451 Mystico
1294 1363 1370 1452 (de-

194 1468 316 1536 functo
332 1466 439 1551 928),
453 1465 660 1555 Euthymio‚
674 1467 799 1558 plenus
814 1475 891 1538 erat
908 1492 1095 1538 consensus
1107 1492 1183 1537 cum
1197 1470 1371 1538 Romanis

194 1576 423 1644 Pontificibus
447 1576 486 1644 in
509 1576 727 1646 damnatione
750 1577 864 1668 ipsius
880 1578 1001 1649 Photii
1019 1580 1197 1648 invasoris
1220 1579 1370 1671 eiusque

122 1728 131 1747 .
194 1683 511 1754 conciliabulorum
545 1706 586 1754 ac
621 1685 826 1754 nominatim
862 1687 969 1756 istius
1007 1687 1271 1777 pseudosynodi
1307 1709 1371 1754 an·

193 1793 232 1860 ni
255 1792 329 1862 879.
352 1793 429 1877 880,
448 1800 488 1862 ut
504 1792 688 1862 manifesto
712 1799 850 1862 constat
872 1816 913 1862 ex
939 1794 1153 1864 tractatibus
1176 1796 1370 1885 imperato-

192 1925 270 1971 rum
293 1909 329 1970 et
351 1901 635 1991 patriarcharum
663 1925 741 1971 cum
770 1903 858 1972 Sede
880 1903 1087 1996 Apostolica
1117 1903 1182 1973 hoc
1212 1911 1371 1994 tempore

194 2007 326 2077 habitis
342 2007 385 2075 ad
409 2007 615 2078 obtinendas
639 2009 917 2100 dispensationes
940 2035 1004 2101 pro
1027 2011 1213 2101 Episoopis
1237 2019 1275 2080 et
1289 2013 1370 2082 Cle-

194 2115 279 2186 ricis
294 2117 337 2184 ab
354 2118 564 2206 usurpatore
581 2116 767 2186 ordinatis.
784 2119 861 2189 Non
879 2127 960 2188 ante
976 2141 1104 2188 annum
1121 2118 1199 2186 995.
1215 2120 1273 2190 vel
1289 2119 1367 2189 999.

194 2227 259 2294 sub
280 2226 484 2312 patriarcha
507 2225 652 2295 Nicolac
675 2225 918 2316 chrysoberge
942 2234 1005 2296 aut
1028 2227 1136 2295 huius
1167 2251 1372 2297 successore

100 2353 101 2356 ’
196 2332 339 2419 sisinio,
359 2357 435 2402 cum
459 2335 496 2402 in
520 2335 595 2402 dies
618 2335 730 2424 magis
743 2336 789 2405 ad
807 2335 958 2405 schisma
974 2337 1198 2421 tendebatur,
1218 2335 1369 2405 Photius

196 2442 301 2512 simui
314 2466 392 2511 cum
408 2467 437 2512 s.
456 2443 598 2533 Ignatio
621 2444 898 2514 contradictione
915 2446 1102 2514 manifesta
1118 2468 1139 2512 a
1154 2445 1368 2535 Byzantinis

197 2553 312 2641 coepit
339 2552 469 2620 iterum
493 2553 666 2621 recenseri
698 2552 791 2622 inter
821 2554 998 2642 legitimos
1027 2553 1264 2644 patriarchas.
1296 2554 1368 2625 Hoc

195 2661 345 2752 primum
361 2667 513 2749 tempore
531 2661 748 2756 increbuisse
764 2661 908 2731 videtur
926 2661 1224 2752 (Hergenroether
1242 2663 1286 2732 Τ.
1300 2662 1367 2730 ΠΙ.

196 2803 230 2869 p.
246 2779 322 2846 725.
341 2777 544 2864 726.)i11ud
567 2779 756 2847 absurdum
780 2781 938 2864 effatum,
957 2778 1046 2871 quod
1063 2786 1142 2869 post
1165 2777 1369 2847 schismatis

195 2889 260 2958 sub
290 2887 471 2957 Cernlario
497 2908 587 2955 anno
611 2886 701 2956 1054
722 2886 981 2976 completionem
1011 2909 1112 2976 saepe
1136 2908 1157 2953 a
1182 2885 1366 2956 Photianie

195 3004 249 3065 est
271 2995 472 3086 repetitum,
491 2999 527 3062 et
543 3001 585 3062 ut
598 2995 738 3063 Marcus
755 2994 930 3082 Ephesius
947 2994 1041 3062 dixit
1058 2993 1205 3084 (Concil.
1226 2994 1370 3062 Floren-

108 3156 110 3162 ι
194 3106 262 3174 tin.
278 3127 363 3172 sess.
379 3103 473 3189 VI.)‚
496 3101 533 3168 in
550 3101 940 3192 Constantinopolitana
955 3101 1103 3179 ecclesia
1118 3104 1303 3195 hucusque
1319 3125 1370 3172 ce-

196 3213 328 3285 lebrari
350 3212 456 3280 solet:
486 3212 632 3278 comnia
655 3211 793 3300 prolata
816 3218 878 3279 aut
901 3211 1036 3300 scripta
1052 3226 1171 3278 contra
1186 3211 1369 3301 Ipaotr‘um

197 3337 229 3389 et
253 3322 415 3390 Plotium
438 3320 668 3385 sanctissimos
687 3321 911 3408 patriar-obas
934 3320 1121 3387 anathema
1145 3320 1250 3387 sintn
1278 3320 1340 3409 (l).

198 3531 276 3596 sunt,
291 3523 454 3580 bonifacius
464 3525 525 3590 VL,
538 3523 700 3591 Stephanus
714 3523 779 3591 VII,
795 3523 947 3590 Romanus,
962 3521 1127 3575 Theodorus
1144 3523 1183 3575 II.
1198 3521 1368 3576 brevissimo

199 3627 323 3687 tempore
345 3619 389 3671 sui
412 3614 598 3670 Pontificatus
617 3613 649 3666 in
668 3628 752 3666 causa
771 3612 908 3666 orientali
933 3611 1010 3665 nibil
1038 3613 1173 3679 egerunt,
1195 3595 1271 3678 quod
1289 3611 1367 3665 nobis

198 3712 319 3764 constet.

267 3795 311 3870 (ll
331 3799 388 3851 Hoc
407 3797 491 3850 effato
511 3793 704 3848 subiiciuutur
722 3789 900 3844 anathemati
919 3787 949 3865 a)
968 3792 1062 3844 omnia
1081 3789 1159 3857 dicta
1186 3793 1216 3843 at
1240 3790 1319 3843 fecta
1337 3788 1365 3840 in

197 3889 393 3944 conciliabulo
407 3888 477 3940 anni
489 3885 552 3950 861,
566 3886 596 3935 in
607 3899 662 3950 quo
678 3883 776 3934 multis
787 3881 908 3934 obiectis
923 3881 1089 3936 criminibus
1103 3881 1235 3946 Ignatius
1256 3880 1365 3933 damna-

196 3987 243 4036 tus
256 3982 301 4033 est
320 3980 400 4032 velut
419 3975 585 4044 patriarcha
604 3989 754 4039 numquam
766 3972 913 4038 legitimus
928 3973 975 4024 vel
986 3975 1087 4026 saltam
1098 3976 1131 4024 ut
1142 3972 1218 4024 iuste
1230 3968 1272 4041 (in
1283 3969 1366 4038 parti·

197 4068 288 4124 culari
303 4067 498 4120 (lenciliebulo
513 4063 608 4117 Photii
623 4078 696 4114 anno
716 4058 777 4131 858)
792 4064 1002 4114 exauctoratus.
1023 4061 1076 4116 Sed
1093 4061 1120 4114 si
1141 4062 1293 4115 anathema
1314 4061 1362 4125 est,

199 4163 365 4229 quicumque
377 4159 485 4210 dixerit
498 4155 641 4220 Ignatium
653 4152 837 4218 illegitimum
852 4155 901 4204 aut
911 4152 987 4204 iusto
997 4152 1155 4218 depositum
1165 4151 1362 4219 patriercham,

200 4269 231 4305 eo
246 4252 309 4318 ipso
322 4249 442 4302 Photius
457 4247 620 4300 declaratur
632 4247 749 4298 invasor
764 4241 839 4295 sedis
851 4245 881 4294 et
890 4242 1058 4307 tyrannicus
1072 4245 1235 4323 persecutor
1247 4259 1271 4295 s.
1287 4243 1364 4308 Igna-

200 4343 247 4408 tii,
256 4339 430 4408 proindeque
443 4338 598 4404 probantur
610 4333 771 4386 iustissima
788 4332 881 4384 omnia
891 4329 922 4380 in
933 4333 1068 4396 epistolis
1079 4332 1190 4385 Nicolai
1199 4333 1224 4399 Ι,
1236 4327 1367 4400 inconci-
1432 4360 1454 4371 -

201 4431 241 4486 lio
252 4432 377 4484 Romano
396 4429 449 4482 sub
468 4426 614 4480 Hadriano
625 4425 662 4492 II,
678 4424 709 4476 in
722 4421 898 4477 oecumenica
917 4421 1116 4486 SynodoVIII.
1129 4425 1229 4475 contra
1238 4421 1454 4474 rhetiaru-
