3120 4988
644 297 681 312 ..
703 264 741 327 53
764 298 801 312 ..

137 390 174 436 n.
191 368 246 436 67.
267 367 329 456 (1).
344 368 560 439 Distinctins
583 370 674 440 idem
698 373 813 461 ipsum
829 372 987 442 declarat
1000 373 1178 463 Didymus
1195 373 1315 444 verbis

135 476 208 544 iam
232 480 394 567 superius
417 478 616 567 descriptis.
641 479 829 568 «Spiritus
853 505 987 573 quoque
1004 483 1156 551 Sanctus
1181 485 1241 574 qui
1260 491 1315 552 est

135 582 296 672 Spiritus
319 586 485 655 veritatis
509 585 625 672 (Filii)
651 588 876 678 Spiritusque
890 591 1094 677 sapientiae,
1114 612 1181 658 non
1199 597 1317 679 potest

134 691 232 760 Filio
255 692 418 783 loquente
436 693 560 761 audire
577 716 664 784 quae
681 695 805 779 nescit,
825 720 897 761 cam
913 697 1109 784 (Spiritus)
1127 698 1186 762 too
1203 700 1315 784 ipsam

134 802 185 865 sit
198 848 208 882 ,
235 798 327 892 quod
352 801 537 888 profertur
561 825 583 867 α
607 802 727 885 Filio,
753 803 789 870 id
819 812 873 870 est
902 801 1084 890 procedens
1108 830 1131 868 a
1153 807 1312 887 acritate,

134 908 332 975 consolator
347 933 492 975 mancos
508 907 548 976 dc
564 910 787 991 consolatore,
805 912 900 978 Deus
924 913 965 979 de
981 913 1064 994 Dee,
1085 911 1241 1000 Spiritus
1258 935 1315 982 ve·

132 1016 258 1084 ritatis
282 1018 512 1105 procedens...
541 1016 719 1107 Siquidem
743 1026 779 1085 et
801 1017 920 1086 Filius
945 1020 1058 1086 eadem
1083 1045 1104 1086 o
1128 1022 1237 1086 Patre
1260 1044 1314 1086 cc-

135 1122 249 1208 cipcre
273 1119 417 1202 dicitur,
435 1122 560 1212 quibas
577 1124 650 1209 ipse
673 1122 844 1187 subsistit.
870 1121 989 1212 Neque
1001 1124 1094 1190 enim
1111 1123 1195 1213 quid
1213 1122 1314 1190 aliud

134 1234 192 1295 est
214 1227 345 1313 Filius,
364 1230 518 1317 exceptis
542 1230 598 1296 his
623 1252 711 1318 quae
736 1230 768 1296 ei
792 1230 924 1297 dantur
941 1252 961 1296 a
977 1230 1095 1317 Petre;
1114 1255 1220 1322 oeque
1238 1230 1315 1296 aiio

135 1335 338 1440 audqtootia
361 1351 409 1402 eat
432 1340 586 1423 Spiritus
609 1340 731 1406 Sancti
749 1352 891 1426 praeter
915 1337 966 1419 id,
992 1337 1084 1428 quod
1109 1337 1214 1403 datur
1238 1340 1269 1404 ei
1293 1361 1316 1403 a

137 1445 249 1513 Filio.
276 1446 463 1533 Propterea
487 1450 603 1514 autem
637 1446 708 1512 ista
731 1446 900 1514 dicuntur
923 1446 980 1533 (de
1004 1446 1315 1514 communicatione

136 1553 360 1620 substantiae
383 1559 418 1621 et
442 1552 594 1620 omnium
618 1554 872 1641 perfectionum
897 1575 918 1619 a
940 1553 1046 1620 Patre
1070 1554 1107 1620 in
1129 1553 1276 1636 Filium,
1295 1574 1317 1619 o

135 1656 233 1725 Filio
258 1660 352 1727 sicut
374 1681 395 1724 a
417 1659 522 1726 Patre
547 1661 585 1727 in
609 1659 821 1747 Spiritum),
849 1665 891 1725 ut
913 1659 1057 1726 eandem
1083 1661 1255 1745 (numero)
1270 1657 1317 1726 ‘in

16 1776 28 1797 ⁸
87 1836 92 1855 ,
136 1765 320 1834 Trinitate
344 1768 525 1835 credamus
550 1790 624 1835 esse
649 1776 813 1833 naturam
830 1766 988 1854 Spiritus
1002 1765 1137 1848 Sancti,
1157 1787 1245 1856 quae
1262 1772 1317 1832 est

134 1872 258 1942 Patris
271 1882 306 1942 et
316 1873 405 1942 Filii
419 1902 435 1937 n
453 1875 628 1962 Didymus
642 1877 849 1964 (interprete
862 1875 1092 1962 Hieronymo)
1109 1873 1150 1941 de
1165 1873 1259 1961 Spir.
1273 1873 1309 1940 S.

136 1982 647 2071 n.37.1taetiamcyrillns
682 1983 837 2070 explicat
868 1981 959 2049 illud
985 1980 1025 2046 dc
1046 2005 1115 2046 meo
1149 1981 1313 2066 accipiet,

138 2111 344 2178 comparans
359 2091 610 2180 processionem
627 2091 784 2179 Spiritus
804 2118 820 2152 c
835 2112 877 2157 ex
895 2090 1047 2157 essentia
1063 2088 1157 2155 Dein
1177 2087 1314 2170 (Patris

137 2204 175 2264 et
197 2195 301 2283 Filii)
317 2219 378 2285 per
402 2197 746 2264 communicationem
762 2197 874 2263 totius
892 2195 1065 2262 essentiae
1083 2217 1160 2262 cum
1178 2216 1312 2282 proces·

138 2304 237 2370 sione
263 2331 280 2366 c
299 2303 415 2370 odoris
432 2311 494 2370 aut
514 2304 700 2393 qualitatis
724 2325 766 2370 ex
791 2302 948 2370 floribus.
968 2328 983 2362 n
1002 2301 1102 2368 Unde
1120 2299 1311 2368 concludit:

142 2419 275 2480 cextra
305 2412 609 2501 reprehensionem
634 2423 669 2481 et
690 2418 793 2480 extra
831 2411 1041 2478 calumniam
1078 2432 1222 2498 prorsus
1245 2416 1313 2492 est,

139 2519 231 2611 quod
257 2520 300 2586 ab
323 2525 504 2609 arripenito
536 2520 677 2611 aliquid
712 2521 864 2606 occipere
887 2519 1017 2583 dicitur
1047 2519 1204 2606 Spiritus
1229 2519 1316 2596 eiua·

134 2628 321 2714 procedens
344 2632 433 2695 enim
456 2631 670 2696 naturaliter
681 2651 745 2715 per
762 2631 888 2715 ipsam,
905 2631 944 2691 ut
965 2628 1131 2713 proprius
1148 2627 1219 2690 aios
1236 2627 1315 2710 Spi-

137 2740 249 2820 ritcs,
275 2761 349 2803 com
380 2739 533 2802 omnibus
567 2760 655 2827 qaae
685 2737 836 2822 perfecte
859 2735 978 2813 habet,
1004 2734 1157 2818 accipere
1180 2731 1315 2796 dicitur

138 2858 330 2935 quomrum
354 2843 454 2908 iliius
477 2844 613 2929 (Filii)
632 2869 648 2904 o
668 2856 781 2932 προϊον
806 2864 870 2933 γαρ
896 2830 932 2902 δι’
964 2839 1068 2904 docco
1095 2859 1248 2926 φυσικως,
1273 2837 1315 2910 ὡς

139 2941 223 3017 ldtor
243 2951 362 3036 ἀυτου,
378 2975 468 3041 μετα
486 2975 623 3017 παντων
648 2953 691 3013 ὠν
718 2952 786 3041 ἔχει
805 2950 951 3030 relator,
970 2937 1156 3035 λαμῧανειν
1174 2948 1314 3036 lepreon

139 3083 184 3124 τα
211 3061 318 3125 ἀυτου
343 3058 471 3146 Oyrill.
496 3058 534 3124 in
558 3058 609 3124 Io.
630 3082 662 3146 p.
683 3057 760 3123 930.
792 3056 865 3122 «In
891 3054 956 3120 illo
986 3055 1138 3134 natura,
1177 3051 1236 3116 ubi
1260 3055 1315 3116 est

138 3186 273 3232 summa
296 3172 333 3232 et
358 3187 442 3232 vera
466 3165 690 3253 simplicitas,
717 3165 754 3229 in
778 3186 817 3231 eo
841 3160 960 3228 Filius
984 3159 1083 3228 videt
1106 3159 1197 3248 quod
1210 3158 1316 3224 Pater

137 3271 238 3355 facit,
257 3277 295 3339 et
318 3270 475 3360 Spiritus
500 3271 651 3340 Sanctus
675 3270 778 3339 audit
803 3270 894 3359 quod
912 3291 990 3335 cum
1006 3268 1112 3333 Patre
1129 3264 1247 3330 Filius
1264 3263 1315 3329 di-

138 3379 199 3462 cit,
219 3380 306 3469 quia
331 3381 560 3445 communione
584 3379 762 3444 naturalis
786 3379 951 3442 essentiae
968 3387 998 3439 et
1018 3374 1136 3441 Filius
1153 3371 1193 3437 de
1209 3373 1317 3438 Patre

138 3498 243 3551 octos
266 3487 399 3567 existit,
426 3499 458 3551 ct
481 3487 635 3575 Spiritus
658 3488 804 3555 Sanctus
828 3484 868 3549 dc
886 3484 995 3550 Patre
1017 3482 1181 3570 Filioque
1201 3500 1315 3565 procc-

139 3589 204 3659 dit.
231 3592 310 3660 Hoc
333 3607 381 3658 est
406 3595 518 3682 ipitur
547 3594 702 3681 Spiritui
732 3595 858 3662 Sancto
884 3589 1006 3656 audire
1032 3588 1104 3676 (vel
1129 3585 1313 3674 accipere),

41 3732 47 3736 ·
140 3697 232 3788 quod
248 3713 297 3766 eat
314 3698 354 3765 de
370 3714 499 3766 acturo
516 3702 638 3788 Putris
655 3699 815 3790 Filiiqcc
840 3697 1032 3786 procedera·
1048 3702 1084 3764 et
1111 3692 1174 3761 hoo
1191 3700 1245 3759 est
1267 3693 1316 3759 lo·

141 3805 203 3894 qui
220 3807 294 3891 (vel
311 3807 555 3893 annuntiare),
572 3806 663 3897 qnod
679 3814 733 3874 est
749 3829 810 3895 per
827 3806 979 3894 gratiam
995 3802 1128 3870 nostris
1154 3800 1316 3867 cordibus

141 3912 373 3983 ineffabiliter
395 3916 590 3983 intimaret
616 3913 785 4002 Fulgent.
814 3913 857 3981 ad
881 3910 1029 3978 Fabian.
1050 3910 1239 3996 fragment.
1258 3906 1314 3973 25.

206 4021 242 4087 2⁰
262 4021 385 4090 Facile
408 4021 587 4111 expectari
608 4028 758 4109 poterat,
780 4019 973 4086 Photianas
997 4037 1111 4104 nugas
1136 4015 1230 4082 oiroa
1247 4014 1317 4080 for-

211 4163 255 4241 (1)
271 4166 311 4220 'Er
333 4171 360 4220 δε
379 4172 496 4239 Χριστος
513 4167 540 4221 ἐκ
554 4188 599 4220 του
612 4186 712 4238 carpor
725 4163 960 4227 cisterciensem
978 4160 1006 4215 ἔκ
1026 4162 1098 4226 deon,
1110 4183 1152 4214 και
1168 4181 1196 4212 το
1213 4178 1316 4227 arsapio

145 4252 172 4309 ix
192 4278 238 4312 του
258 4261 378 4329 Χριστου
398 4257 414 4317 ἦ
437 4258 495 4330 παρ’
513 4257 676 4330 οἷμφοτερων,
695 4256 727 4334 q‘c
748 4269 827 4324 φησιν
849 4254 861 4306 ὁ
882 4257 1004 4326 Χριστος·
1028 4253 1039 4306 ό
1059 4273 1132 4324 παρα
1151 4271 1196 4303 του
1215 4266 1316 4316 carpor

145 4341 321 4420 ἔκπορευεται,
341 4362 391 4402 και·
413 4347 488 4411 ὁυτος
510 4347 536 4404 ἐκ
556 4367 602 4401 roo
621 4345 684 4420 ἐμου
703 4343 831 4415 ludetur.
