3120 4988
618 301 659 318 .,,
679 271 719 334 45
740 300 778 328 -a-

107 367 180 438 Nec
204 368 421 445 scandalizet
450 369 670 462 quempiam,
697 370 728 438 ei
751 371 906 459 Spiritus
933 350 1051 462 epredi
1074 369 1215 438 dicatur
1239 388 1281 437 ex

107 477 227 560 Patre,
253 499 330 545 cum
352 477 458 545 etiam
481 476 599 544 Filius
624 477 665 545 de
682 499 717 544 se
735 477 885 546 dixerit:
911 501 975 568 ego
992 479 1033 547 de
1047 473 1152 546 Patre
1168 477 1279 563 exivi,

106 590 143 652 et
166 585 268 672 veni;
295 585 520 676 nequeenim
544 608 564 652 a
587 608 639 653 me
663 585 738 674 ipso
762 585 873 672 exivi,
900 587 959 658 sed
983 587 1045 655 ille
1070 608 1123 654 me
1145 585 1278 653 misit»

106 693 315 782 Hieronym.
334 693 359 761 1.
378 693 477 762 XVL
495 693 532 760 iu
556 692 604 761 Is.
621 692 738 760 LVII.
757 692 812 763 16.

173 802 281 871 Olera
302 808 356 869 est
377 800 586 889 Hieronymi
610 800 795 868 sententia.
823 800 983 888 Spiritus
1007 799 1159 882 Sanctus
1182 824 1281 890 egre·

106 910 206 979 ditur
231 931 252 976 a
274 910 399 996 Patre;
425 915 567 998 propter
591 908 764 976 unitatem
789 914 937 976 naturae
960 908 1048 976 Filii
1072 931 1150 976 cum
1173 910 1279 978 Patre
1319 909 1321 915 ’

106 1020 224 1088 eadem
242 1017 359 1086 virtus
374 1023 428 1086 est
451 1017 556 1085 etiam
572 1016 660 1085 Filii
677 1018 714 1084 in
732 1017 902 1086 relatione
918 1016 962 1085 ad
980 1017 1166 1108 Spiritum,
1185 1017 1278 1086 unde
1375 1050 1378 1066 ·

107 1148 127 1193 a
148 1125 245 1194 Filio
269 1148 402 1216 quoque
425 1123 594 1193 mittitur.
620 1123 823 1212 Egressioa
845 1124 950 1192 Patre
972 1133 1026 1193 est
1050 1126 1176 1194 relatio
1201 1125 1277 1216 Spi-

107 1235 200 1316 ritus
225 1233 324 1301 missi
347 1232 390 1300 ad
413 1234 554 1301 Patrem
578 1232 793 1319 mittentem;
819 1232 939 1300 missio
963 1255 984 1335 a
1005 1233 1118 1318 Filio,
1144 1239 1199 1303 est
1226 1257 1281 1302 re.

92 1342 193 1410 latio
229 1342 346 1420 eadem
377 1341 512 1429 (ordine
542 1341 696 1426 inverso)
719 1339 805 1407 Filii
830 1340 1005 1408 mittentis
1035 1341 1078 1410 ad
1103 1341 1278 1431 Spiritum
1358 1420 1359 1423 Ἴ

107 1449 273 1534 missum;
301 1447 419 1527 inille
441 1448 638 1535 egressione
654 1447 851 1515 includitur
867 1448 1052 1537 processio,
1070 1471 1154 1537 ergo
1172 1448 1279 1518 etiam

107 1557 141 1624 in
165 1558 234 1623 heo
258 1551 419 1623 missione
443 1555 596 1623 identica
617 1554 817 1624 continetur
840 1554 957 1623 eadem
981 1555 1167 1645 processio.
1195 1557 1279 1626 Evi-

108 1664 248 1732 dentius
271 1664 384 1730 adhue
408 1660 466 1730 hic
488 1686 611 1731 sensus
642 1663 777 1752 patebit
807 1663 943 1751 legenti
978 1663 1107 1732 librum
1131 1664 1279 1755 Didymi

109 1770 147 1839 de
164 1769 187 1835 S
193 1770 262 1859 pir.
281 1768 400 1837 Sanct.
419 1768 526 1866 ¹¹·.25·
544 1768 600 1838 26.
619 1769 790 1858 exipsius
811 1769 1020 1859 Hieronymi
1045 1769 1217 1854 versione,
1236 1793 1278 1840 ex

110 1900 175 1970 qua
197 1877 236 1945 in
260 1875 543 1945 commentarium
568 1877 610 1945 ad
634 1877 762 1945 isaiam
786 1877 856 1946 ista
870 1877 1059 1945 transtulit
1075 1878 1137 1964 (1).
1155 1879 1196 1945 In
1214 1878 1278 1947 hoc

110 1986 196 2055 euim
221 1986 312 2056 libro
335 1985 508 2074 processio
533 1984 690 2074 Spiritus
714 1985 837 2054 Sancti
860 2007 881 2051 a
903 1985 996 2053 Filio
1021 1986 1114 2054 sicut
1132 2008 1152 2052 a
1170 1987 1278 2054 Patre

112 2094 239 2162 diserte
264 2093 478 2161 adstruitur.
507 2093 589 2158 «De
612 2094 751 2181 Spiritu
773 2095 945 2174 ueritatis,
962 2093 1023 2183 qui
1040 2117 1060 2160 a
1075 2093 1181 2161 Patre
1198 2093 1277 2160 mit·

47 2219 50 2223 ’
112 2208 206 2270 tatur
230 2200 266 2268 et
289 2200 575 2283 sitParacletus,
603 2199 768 2268 Salvator
792 2202 854 2291 qui
878 2214 927 2266 eet
949 2203 1090 2284 ceritas,
1114 2201 1183 2269 aita
1200 2224 1278 2288 non

113 2311 198 2378 enim
229 2309 439 2400 loquetura
462 2308 666 2398 semetipso;
692 2307 757 2377 hcc
784 2315 839 2377 est
862 2334 930 2375 acu
964 2311 1040 2376 eine
1074 2334 1125 2376 ma
1149 2325 1181 2377 et
1204 2311 1279 2376 siae

115 2442 176 2484 meo
200 2431 234 2483 et
257 2417 377 2485 Patris
402 2415 563 2497 arbitrio,
582 2417 665 2508 quia
688 2417 937 2507 inseparabilis
961 2439 982 2484 a
1006 2439 1081 2486 mea
1100 2423 1136 2486 et
1159 2417 1277 2486 Patris

116 2530 164 2609 est
178 2523 387 2611 voluntate3
412 2524 497 2613 qaia
520 2547 587 2588 non
612 2546 653 2590 ec
675 2547 709 2588 se
732 2537 791 2605 eet,
814 2524 871 2591 aed
894 2547 936 2590 em
960 2525 1067 2591 Putre
1090 2539 1123 2591 et
1146 2548 1196 2591 mc
1212 2539 1274 2608 est,

119 2632 169 2698 loc
191 2634 280 2697 anim
304 2633 415 2717 ipsum
439 2629 530 2721 quod
552 2632 711 2697 arcisterii
734 2646 766 2697 et
790 2631 972 2723 loquitar,
996 2656 1018 2698 a
1042 2634 1149 2700 Patre
1171 2646 1203 2698 et
1227 2657 1277 2700 mc

120 2743 171 2806 illi
193 2755 253 2810 eet.
278 2740 355 2828 Ego
380 2741 562 2808 veritatem
585 2740 719 2831 loquor,
738 2741 775 2809 id
798 2749 853 2817 est
876 2743 1008 2828 inspiro
1032 2741 1278 2829 (eommunica-
1302 2758 1305 2765 ’

121 2846 203 2915 tione
226 2849 388 2931 naturae)
411 2870 499 2937 quae
529 2848 684 2938 loquitar
697 2896 707 2930 ,
733 2848 903 2938 siquidem
928 2847 1084 2936 Spiritus
1112 2848 1277 2917 veritatis

124 2955 223 3043 (iiiii)
246 2962 301 3024 est
323 2955 416 3042 (2)...
443 2953 600 3045 Spiritus
624 2977 757 3046 quoque
782 2954 932 3022 Sanetus
956 2955 1016 3046 qui
1039 2959 1094 3023 est
1117 2954 1276 3044 Spiritus

181 3120 221 3196 (1)
240 3121 476 3175 Commentariun
495 3120 526 3173 in
545 3120 650 3174 isaiam
670 3119 789 3187 scripsit
809 3135 865 3172 uon
884 3122 951 3173 ante
970 3135 1077 3172 annum
1088 3121 1150 3188 411;
1164 3119 1270 3174 librum

129 3209 227 3278 Didymi
244 3215 339 3266 vertit
355 3213 430 3267 circa
449 3227 554 3265 anuum
574 3212 636 3264 386.

135 3351 138 3359 ,
186 3298 223 3372 (2)
240 3303 390 3356 Editiones
410 3302 581 3355 Martianaei
601 3304 628 3353 et
648 3298 789 3355 Vallareii
816 3315 850 3352 ex
874 3300 1029 3354 collatione
1054 3299 1178 3355 codicum
1207 3315 1274 3353 mss.

134 3389 280 3457 ciprianum
299 3391 454 3445 editionum
476 3392 633 3458 diligenter
650 3391 815 3457 adornatae,
831 3392 939 3444 unllam
957 3392 1071 3446 omuino
1084 3392 1131 3444 liic
1144 3391 1275 3448 indicant

136 3481 275 3535 variantem
294 3482 503 3534 lectionem.At
522 3483 631 3547 reperit
644 3482 784 3534 Macarius
798 3481 961 3534 describens
975 3483 1049 3534 alios
1064 3481 1271 3534 schismaticos.

137 3567 231 3631 Quoties
244 3573 296 3625 isti
310 3572 438 3635 homines
457 3572 489 3626 iu
507 3574 593 3632 Petro
606 3572 773 3638 humbaudo,
786 3589 810 3625 s.
825 3571 939 3638 Thomu,
955 3572 1078 3637 aliisque
1092 3569 1276 3624 Scholasticis

138 3657 270 3716 inveniunt
289 3662 456 3715 citationem
475 3678 508 3714 ex
527 3663 674 3729 Patribus,
690 3677 759 3728 quae
779 3677 834 3714 uon
856 3660 891 3714 ad
909 3660 1005 3714 omnia
1022 3661 1111 3712 verbe
1140 3664 1278 3713 consonet

139 3745 290 3807 editionibus
306 3752 526 3819 purgatioribus
547 3767 616 3818 quas
636 3767 709 3804 nuuc
728 3751 871 3817 habemus,
885 3752 1064 3803 conclamant
1082 3748 1209 3802 fraudem
1235 3752 1276 3802 la-

139 3833 239 3900 tinorum
258 3841 462 3905 theologorum.
477 3841 531 3892 Hic
558 3855 625 3892 vero
656 3840 876 3906 purgatissimas
904 3838 1046 3890 editiones
1074 3841 1221 3905 respuunt,
1245 3841 1292 3891 et

83 3930 86 3937 ’
138 3929 326 3987 praeierendam
345 3946 408 3984 esse
427 3931 526 3984 dicunt
545 3931 707 3996 lectionem,
724 3945 806 3996 quam
827 3943 894 3997 prae
908 3931 997 3982 oculis
1010 3926 1145 3981 habuisse
1159 3929 1275 3982 videtur

139 4021 262 4072 monachus
281 4022 454 4074 Retramnus
473 4017 588 4092 (Macar.
603 4036 631 4085 p.
647 4015 722 4089 399).
737 4019 776 4072 At
795 4020 880 4073 lectio
899 4019 953 4072 illa
972 4018 1123 4072 Retramni
1142 4020 1277 4084 corrupta

139 4115 236 4176 superat
252 4127 286 4163 ex
305 4111 369 4178 ipso
388 4115 532 4163 contextu.
553 4112 600 4162 Ita
618 4109 693 4161 enim
725 4110 777 4168 iile
796 4111 878 4176 legit.
903 4111 992 4161 «Non
1017 4109 1092 4162 cuim
1112 4108 1276 4174 loquitur-a

42 4249 44 4253 ,
140 4199 277 4266 semetipso,
298 4201 349 4266 lucc
362 4204 413 4262 cst
427 4201 495 4261 ¹sine
514 4215 556 4259 me
575 4203 605 4251 et
624 4199 686 4250 sine
713 4214 771 4252 meo
797 4203 826 4252 et
843 4198 940 4252 Patris
958 4198 1091 4266 arbitrio,
1114 4198 1180 4264 quia
1199 4198 1279 4248 inse·

139 4287 252 4344 parabilis
271 4306 288 4342 a
306 4306 368 4343 mea
386 4293 415 4342 et
432 4290 530 4343 Patris
549 4292 594 4341 est
612 4289 832 4355 voluntate;hoe
851 4288 925 4340 enim
944 4288 1036 4354 ipsum
1055 4289 1131 4356 quod
1148 4284 1274 4340 saisierit

140 4374 292 4443 diocaeses,
307 4395 356 4444 eqo
376 4379 477 4430 ocritcu
495 4381 604 4445 loquor,
619 4376 651 4427 id
669 4383 709 4428 eet
734 4377 842 4444 inspiro
870 4392 941 4444 quae
966 4378 1112 4447 loquatium
1131 4374 1268 4447 siquidem
