3120 4988
703 262 741 278 -
765 231 819 296 lll
844 263 882 280 -

209 334 368 426 Spiritus
391 338 543 409 Sanctus
565 360 587 406 u
610 337 715 408 Patre
739 340 896 429 accipere
920 337 1064 426 dicitnr,
1083 340 1168 433 quio
1186 365 1208 407 o
1224 342 1333 412 Patre
1349 357 1381 411 et

211 440 308 512 Filio
332 446 600 516 indivisibiliter
619 446 775 534 procedit
785 473 797 526 ‚·
813 445 902 513 uude
918 460 951 512 et
966 452 1141 540 sequitur:
1158 452 1274 515 omnio
1291 473 1381 541 quae

213 546 311 621 tatu
335 556 453 634 Pater,
479 579 551 621 meo
575 568 687 620 sunt»
713 555 814 641 (ibid.
833 579 867 644 p.
888 555 982 640 520).
1008 556 1161 624 Eandem
1185 557 1380 627 doctrinam

211 651 337 731 iterum
373 662 531 730 declarat
564 683 606 730 ex
639 662 1008 731 consubstantialitate
1031 662 1120 730 Filii
1154 687 1230 731 cum
1259 664 1378 751 Patre,

213 771 301 852 quod
324 768 439 838 omnia
454 770 573 837 Patris
588 775 748 858 (excepta
765 772 885 861 utique
904 771 1085 865 ἀγεννησιᾳ
1098 777 1135 838 et
1150 773 1380 860 paternitate)

215 878 420 948 nuncetiam
443 877 542 964 Filii;
563 890 636 944 tum
660 899 702 945 ex
727 878 867 946 notione
892 878 1069 945 missionis
1086 889 1245 969 quaeest
1268 889 1381 948 acten-

219 994 277 1052 ΜΘ
299 985 527 1074 processionis
545 985 783 1053 manifestatio
806 986 1022 1075 temporalis,
1043 986 1132 1054 unde
1149 988 1243 1055 sicut
1261 987 1381 1058 missio

224 1091 349 1161 utilio
371 1092 525 1162 includit
549 1094 745 1162 missionem
771 1118 791 1161 a
813 1094 931 1177 Patre,
959 1095 1010 1163 ita
1035 1095 1207 1184 processio
1231 1117 1252 1162 a
1274 1095 1381 1166 Patre

226 1190 364 1271 includit
385 1202 527 1271 eandem
551 1205 801 1292 processionem
827 1225 847 1268 s
870 1203 976 1290 Filio;
1004 1224 1044 1272 ac
1068 1204 1215 1295 deniqne
1239 1228 1281 1272 ex
1305 1205 1381 1295 ipso

211 1312 346 1378 'bonine
369 1312 537 1398 Spiritus,
554 1310 646 1401 quod
662 1302 885 1399 hypostatice
910 1318 1090 1400 acceptum
1114 1319 1167 1378 est
1190 1311 1381 1381 relativum

217 1413 259 1482 ed
281 1415 418 1487 Patrem
442 1429 477 1485 et
500 1417 644 1496 Filium,
671 1418 762 1484 unde
786 1417 942 1506 Spiritus
966 1418 1002 1487 h.
1020 1441 1050 1486 e.
1070 1423 1226 1506 spiratus
1248 1419 1382 1487 dicitur

207 1519 306 1593 stent
327 1525 447 1593 Patris
470 1525 523 1593 ita
545 1527 651 1593 etiam
674 1526 776 1597 Filii.
804 1554 822 1589 u
838 1526 931 1593 Bene
955 1536 1072 1595 antem
1097 1526 1242 1614 (Filius)
1268 1528 1381 1615 ipsum

198 1620 385 1716 Spiritum
398 1654 419 1699 a
430 1656 466 1701 se
480 1632 574 1700 mitti
587 1641 623 1701 et
635 1654 656 1699 a
668 1634 774 1701 Patre
789 1634 970 1722 procedere
987 1632 1143 1722 perhibet
1155 1632 1379 1720 (textus),

189 1753 270 1803 non
303 1744 365 1833 qui
388 1741 494 1808 aliter
513 1740 675 1828 procedat
699 1765 720 1807 o
745 1720 852 1810 Potio
867 1755 899 1807 et
917 1743 1022 1808 aliter
1039 1767 1060 1808 a
1077 1742 1186 1823 Filio,
1205 1742 1258 1808 ool
1274 1741 1381 1808 aliter

184 1845 374 1917 mittatur
397 1875 419 1916 a
442 1840 537 1918 Filio
562 1864 594 1915 et
616 1849 721 1915 aliter
746 1874 767 1914 a
791 1851 899 1917 Patre
910 1898 919 1929 ‚
946 1849 1002 1916 sed
1033 1853 1118 1942 quia
1154 1851 1232 1938 ipso
1266 1850 1381 1915 missio
1441 1876 1442 1881 ¹

172 1959 378 2029 processio
402 1971 464 2034 est,
482 1970 514 2022 et
530 1958 608 2045 ipso
621 1960 789 2044 processio
805 1959 921 2022 missio
939 1957 1035 2045 (vide
1052 1979 1159 2045 supra
1177 1982 1210 2045 p.
1225 1955 1281 2024 24.
1303 1978 1378 2048 sqq.

173 2059 217 2140 lt
254 2063 339 2134 Th.
357 2066 545 2152 XXXIII).
571 2067 690 2158 Neque
700 2067 795 2134 enim
813 2066 1004 2134 diversitas
1021 2074 1074 2134 est
1089 2065 1307 2158 procedentis
1323 2063 1381 2133 vel

169 2162 410 2258 mittentis,
437 2175 563 2264 quibus
589 2197 658 2242 una
680 2181 734 2242 est
757 2173 910 2242 essentia
935 2195 1064 2264 parque
1089 2173 1261 2242 deitas...
1289 2173 1382 2255 Quia

164 2274 306 2352 enim
329 2284 503 2349 amborum
524 2285 680 2370 Spiritus
703 2294 758 2351 est
780 2293 985 2351 coaeternus
1002 2291 1037 2350 et
1053 2281 1379 2368 consubstantialis,

161 2379 305 2458 ³2'0ut
323 2389 478 2482 procedit
501 2415 524 2457 o
548 2392 656 2458 Patre
686 2393 739 2456 ito
763 2406 795 2457 et
819 2415 840 2457 o
863 2391 981 2470 Filio,
1002 2405 1039 2475 ¹ct
1062 2395 1150 2459 siout
1183 2393 1338 2457 mittitur
1361 2414 1383 2458 a

159 2479 324 2580 Filio,
353 2501 508 2565 mittitur
531 2523 553 2565 o
579 2500 695 2568 Putre.
723 2497 823 2580 Quod
842 2521 922 2566 vero
945 2499 1064 2566 Patris
1087 2499 1136 2567 sit
1159 2499 1248 2568 idem
1273 2497 1399 2588 Spiri·,

156 2591 281 2688 tus,
298 2609 465 2678 Dominus
478 2608 513 2675 in
526 2608 721 2700 Evangelio
738 2609 943 2676 manifestat
954 2609 1096 2696 (Matth.
1112 2607 1261 2693 XXO)...
1282 2607 1383 2689 Quod

158 2716 329 2784 autem
346 2716 432 2784 Filii
450 2716 509 2800 sit,
528 2713 661 2782 Paulus
681 2713 874 2804 Apostolus
887 2717 1041 2784 ostendit
1057 2715 1169 2802 (Rom.
1187 2713 1288 2783 VIII.
1302 2713 1381 2799 il.)n

156 2799 317 2893 Hom.
334 2823 388 2891 98.
409 2822 494 2892 ibid.
515 2847 547 2911 p.
562 2821 640 2890 551.
665 2821 878 2911 Expressius
902 2822 1016 2891 adhuc
1040 2821 1200 2912 quuitur
1229 2819 1316 2886 alibi
1340 2819 1384 2887 do

157 2904 276 2993 hae,
305 2930 560 3019 significatione
577 2930 726 2998 nominis
743 2930 908 2999 relativa.
936 2958 952 2994 u
971 2931 1061 3012 Quia
1077 2954 1098 2995 a
1116 2930 1223 2997 Patre
1239 2940 1270 2995 et
1286 2926 1383 2994 Filio

154 3039 379 3123 proceru,
404 3040 481 3108 ideo
505 3039 661 3128 Spiritus
678 3039 828 3108 Sanctus
853 3040 1078 3128 praedicatur
1101 3040 1215 3123 Deus,
1240 3043 1278 3105 et
1301 3036 1381 3104 sub·

166 3138 382 3217 stantiam
406 3147 484 3216 eins
508 3147 622 3233 habet3
649 3149 870 3239 nequeenim
894 3148 992 3216 alind
1010 3147 1052 3215 de
1067 3147 1173 3215 Patre
1199 3145 1389 3236 procedere

169 3253 353 3338 Potuit,
379 3277 481 3348 ‹pnam
501 3255 595 3346 quod
619 3256 693 3343 ipse
716 3262 771 3324 est
801 3256 919 3324 Pater.
947 3254 1105 3346 Spiritus
1128 3264 1244 3323 entem
1269 3252 1385 3320 dictus

176 3361 405 3432 secunlum
434 3365 470 3431 id
495 3361 586 3455 quod
609 3362 655 3430 od
681 3361 822 3454 aliquid
849 3364 1018 3453 refertur,
1047 3363 1185 3453 spirans
1212 3367 1248 3428 et
1274 3357 1384 3447 inspi-

182 3468 305 3537 1'ans
327 3472 447 3562 ntique
470 3483 506 3540 et
522 3494 563 3539 er
587 3493 626 3538 eo
649 3472 849 3561 appellatus
874 3472 1031 3561 Spiritus
1047 3475 1100 3558 (ex
1118 3471 1315 3559 operatione
1339 3468 1383 3537 ad

180 3577 342 3664 thrap
358 3582 499 3669 proprie
515 3595 626 3646 cutem
649 3579 890 3672 quodammodo
907 3579 1037 3646 dicitur
1052 3580 1207 3667 Spiritus
1223 3578 1382 3657 sauctus,

182 3685 393 3754 ‘counitum
416 3685 507 3778 quod
529 3686 681 3775 refertur
705 3685 751 3752 od
776 3689 913 3754 Patrem
936 3702 967 3754 et
992 3687 1138 3765 Filium,
1156 3679 1246 3776 quod
1272 3703 1384 3747 eorum
1411 3710 1414 3716 ⁴

188 3772 369 3865 Spiritus
395 3812 475 3864 estu
501 3797 600 3864 Hom.
621 3794 697 3862 106.
717 3795 801 3863 ibid.
833 3821 867 3884 p.
886 3794 965 3864 574.
989 3794 1149 3863 Ulterius
1182 3795 1324 3884 propria
1348 3799 1385 3864 et

194 3898 409 3974 ²0mnnnia
432 3904 541 3972 trium
573 3925 798 3993 personarum
833 3903 885 3969 ita
922 3901 1089 3970 declarat.
1119 3902 1256 3970 «Pater
1280 3900 1386 3970 habet

200 4003 459 4081 *eternitatem
484 4011 558 4080 sino
575 4011 776 4093 nativitate,
790 4009 907 4078 Filius
924 4010 1030 4077 habet
1046 4010 1289 4078 aeternitatem
1307 4031 1385 4079 cnm

207 4107 420 4205 latinitate,
440 4122 592 4208 Spiritus
616 4122 760 4189 Sanctus
775 4144 797 4183 a
814 4120 921 4186 Putre
936 4117 1100 4210 Filioque
1118 4117 1287 4208 procedit‚·
1302 4139 1386 4207 ergo

212 4198 323 4295 ‘ater
346 4229 540 4318 ingenitus,
566 4228 683 4296 Filius
705 4227 860 4317 genitus,
887 4226 1043 4316 Spiritus
1067 4225 1218 4296 Sanctus
1242 4249 1303 4295 nec
1327 4248 1385 4315 ge·

221 4309 326 4425 itus,
353 4361 438 4408 cave
461 4360 503 4405 ne
526 4337 679 4420 fallaris,
706 4336 765 4405 sed
787 4359 850 4406 nec
873 4335 1068 4436 ingenitus,
1094 4335 1153 4404 sed
1176 4361 1198 4403 o
1222 4336 1330 4404 Patre
1346 4323 1386 4413 ¹et
