3120 4988
746 309 784 324 -
806 276 865 341 256
885 309 923 323 -

247 382 359 472 magis
376 382 580 452 infallibilis
595 407 657 453 nee
674 383 815 453 maioris
828 384 1030 453 authentice
1047 384 1334 475 supernaturalis
1346 407 1493 456 aas&
1508 406 1538 453 a

246 497 380 582 potest,
411 515 512 583 quam
538 493 715 560 unanimis
739 493 910 582 professio
938 517 978 564 ac
1002 497 1217 585 praedicatio
1240 498 1544 569 Ecclesiaoeae

245 601 438 670 catholicae
454 625 515 690 por
531 601 628 669 milla
642 623 751 668 annos
767 601 990 690 posteriores.
1010 604 1183 685 Quoniam
1200 605 1290 675 hanc
1310 608 1551 676 «Pro—c>-

248 711 359 777 fessor
376 709 573 797 theologiae
590 709 814 777 catholicae»
843 712 1124 779 contemnendam
1141 735 1217 782 esse
1232 721 1350 803 putat,
1375 722 1553 784 et-:rt-

247 816 317 884 iam
336 817 592 886 antecedentem
617 817 718 884 illum
745 838 958 903 consensum,
986 819 1146 909 quisquis
1170 822 1295 907 fuerit,
1321 822 1456 892 habe-
1467 844 1555 891 a·

249 923 303 990 bit
328 928 368 990 ut
392 923 587 990 doctrinam
610 921 797 989 humanam
821 921 962 989 minime
986 921 1232 1011 infallibilem,
1259 926 1321 994 sed
1344 949 1454 994 exa-
1467 947 1554 994 ε-

249 1029 444 1098 minandam
469 1033 505 1096 et
529 1028 795 1097 iudicandama
828 1028 1001 1117 singulis,
1029 1035 1149 1098 utrum
1173 1037 1211 1100 et
1247 1041 1554 1126 quatenusssns

249 1140 437 1207 conveniat
462 1161 539 1207 cum
564 1137 726 1206 doctrina
749 1136 954 1227 apostolica.
981 1139 1075 1208 Haec
1106 1163 1189 1210 vero
1213 1165 1337 1212 norma
1364 1146 1554 1214 do-cn-

249 1246 383 1314 ctrinae
408 1245 622 1335 apostolicae
645 1244 786 1312 ubinam
810 1245 949 1313 tandem
981 1246 1185 1335 reperitur?
1209 1250 1348 1340 Negata
1371 1253 1453 1320 in-
1462 1271 1552 1317 nr·

249 1355 396 1424 follibili
420 1353 623 1442 magisterio
648 1376 688 1420 ea
711 1353 906 1443 redigitur,
933 1355 1027 1423 sicut
1056 1357 1149 1446 apud
1173 1363 1312 1429 veteres
1339 1363 1551 1431 Pro-0)-

249 1469 442 1550 testantes,
467 1463 511 1530 ad
540 1460 645 1528 solam
676 1461 916 1550 Scripturam,
940 1465 1128 1533 secundum
1149 1489 1285 1558 uquam
1309 1464 1551 1539 canionis

250 1571 433 1660 dogmata,
468 1591 651 1659 omnesque
675 1568 833 1636 doctores
867 1570 1048 1638 aestimari
1076 1579 1113 1640 εὴ
1140 1573 1296 1642 iudicari
1331 1593 1553 1669 opor-ttr-

249 1684 343 1749 ta.»
370 1679 454 1748 Cum
479 1699 583 1766 porro
606 1699 725 1744 norma
750 1677 998 1745 credendorum
1021 1701 1089 1747 non
1114 1681 1226 1770 possit
1241 1705 1317 1752 esse
1333 1678 1552 1754 sori-ii·

255 1790 362 1875 ptura
386 1784 608 1872 emplicoadc,
633 1783 692 1851 sed
717 1785 917 1871 emplicctc5
942 1784 1130 1875 explicatio
1157 1809 1241 1857 vero
1266 1789 1551 1883 scriptu-tn·

256 1913 317 1962 rao
340 1898 525 1961 revocetur
544 1891 588 1960 ad
610 1891 751 1980 genium
775 1899 810 1959 et
833 1892 1014 1981 ingenium
1039 1894 1282 1983 singulorum:
1309 1912 1548 1968 conse-a·

253 2022 361 2093 quens
374 2006 438 2084 est,
458 2000 617 2089 singulos
633 1999 702 2067 sibi
718 1999 804 2091 ipsis
825 2022 899 2068 esse
923 2001 1062 2070 unicam
1086 2024 1241 2070 normam
1267 1996 1549 2074 credenda-xli

251 2114 287 2177 et
310 2106 475 2198 nepcndi,
502 2107 593 2199 quod
617 2109 767 2175 alterum
791 2108 903 2176 multo
919 2107 1029 2176 latius
1053 2109 1199 2197 patebit,
1227 2132 1267 2180 ac
1285 2114 1546 2183 tandem

254 2217 348 2286 sicut
370 2217 463 2306 apud
486 2216 726 2284 Protestantes
750 2217 970 2301 recentiores,
997 2216 1041 2285 ad
1059 2216 1173 2284 omnia
1190 2218 1359 2307 dogmata
1374 2243 1445 2290 or·
1455 2231 1542 2280 ⁴1·

258 2324 353 2392 dinis
384 2325 668 2414 supernaturalis
691 2332 892 2412 protensum
916 2325 1109 2393 constituet
1130 2328 1438 2398 rationationem.
1456 2341 1537 2386 fl·

166 2458 171 2467 ·
257 2432 362 2520 (Vide
384 2432 503 2500 Tract.
524 2432 565 2500 de
582 2432 721 2500 Tradit.
748 2434 832 2501 edit.
852 2434 885 2502 2.
911 2435 1183 2522 Prolegomenon
1206 2442 1242 2503 et
1267 2435 1336 2504 Th.
1356 2437 1426 2523 VIJ
1482 2423 1536 2511 ἶῐ

253 2541 334 2608 ΧΧ.
354 2565 390 2610 n.
406 2541 492 2628 ΙΙΙ.)
513 2541 643 2611 Verum
660 2564 771 2609 nonne
787 2543 830 2610 D.
847 2543 990 2630 Langen
1007 2542 1254 2609 auctoritatem
1271 2543 1531 2634 aliquaffl

254 2648 293 2717 in
311 2650 509 2718 testimonio
533 2657 568 2718 et
592 2651 752 2719 doctrina
775 2651 955 2719 Ecclesiae
978 2650 1147 2742 usquead
1165 2649 1344 2745 saeculum
1361 2653 1443 2722 IX.
1481 2636 1521 2707 ἶ·

254 2755 445 2826 admittit'?
469 2759 525 2828 Ita
550 2759 687 2851 quidem
712 2760 823 2828 obiter
847 2759 981 2848 legenti
1000 2758 1113 2826 videri
1137 2766 1266 2848 posset3
1294 2761 1357 2830 sed
1374 2784 1437 2850 ou-
1509 2787 1517 2799 ·

251 2863 402 2934 iusmodi
425 2888 466 2933 ea
489 2868 685 2935 auctoritas
709 2867 768 2952 sit,
794 2866 924 2933 nullibi
949 2865 1023 2934 suis
1052 2865 1169 2934 verbis
1190 2864 1363 2953 declarat,
1390 2875 1508 2937 affl
1532 2878 1534 2883 ’

228 2959 229 2962 “
255 2974 353 3041 modo
377 2981 493 3042 autem
517 2974 695 3043 tractandi
712 2974 914 3043 testimonia
930 2970 1085 3042 veterum
1103 2975 1248 3042 Patrum
1267 2979 1489 3064 apparet,

253 3082 290 3148 in
314 3082 360 3148 iis
385 3084 611 3174 quantumvis
636 3082 934 3150 consentientibus
961 3104 1029 3149 non
1052 3080 1151 3149 aliud
1179 3083 1326 3170 agnosci
1355 3083 1438 3152 nisi

253 3188 413 3279 privatas
430 3190 607 3280 opiniones
623 3190 842 3279 singulorum
860 3191 1051 3275 doctorum3
1071 3193 1113 3256 ut
1129 3189 1296 3257 nimirum
1314 3191 1453 3282 quoad.

255 3295 350 3366 hunc
366 3297 558 3366 articulum
582 3299 664 3367 fidei
688 3299 810 3366 saltem
835 3298 914 3366 inde
939 3319 959 3364 a
982 3297 1078 3365 mille
1097 3297 1199 3365 annis
1223 3296 1290 3367 fide
1307 3300 1437 3369 catho-

253 3403 323 3474 lica
347 3405 530 3475 definitum
554 3429 594 3476 ac
611 3408 795 3490 creditum,
822 3413 858 3475 et
873 3407 915 3474 ob
931 3406 1118 3496 paritatem
1136 3404 1290 3473 rationis
1314 3410 1435 3499 quoad

253 3519 341 3588 alios
367 3515 536 3586 articulos
560 3515 660 3585 salva
678 3516 728 3583 sit
751 3515 898 3584 libertas
921 3537 984 3604 pro
1007 3513 1128 3582 lubitu
1152 3513 1329 3598 credendi,
1357 3516 1428 3606 opi·

251 3628 372 3710 nandi,
397 3625 548 3715 negandi
572 3625 609 3691 in
638 3625 868 3693 nova'cloaca
896 3622 1105 3692 corrivanda
1129 3645 1170 3689 ex
1196 3623 1353 3693 colluvie
1376 3625 1425 3693 di·

253 3759 434 3806 versarum
458 3743 630 3802 sectarum
647 3732 871 3801 orientalium
890 3737 926 3799 at
949 3728 1229 3799 occidentalium.
1248 3730 1320 3800 Hie
1334 3733 1423 3799 euim

252 3848 306 3912 est
329 3842 504 3910 absurdus
526 3846 563 3909 et
594 3840 630 3907 in
656 3863 693 3908 se
716 3861 918 3928 repugnans
942 3861 1067 3928 scopus
1091 3838 1203 3906 totius
1222 3836 1421 3922 moliminis,

253 3959 293 4021 ut
311 3950 482 4043 quondam
506 3950 577 4017 fuit
600 3953 780 4038 apostatae
804 3947 914 4015 Marci
945 3946 1093 4014 Antonii
1123 3946 1164 4014 de
1197 3943 1360 4014 Dominis
1390 3951 1421 4013 et

252 4059 430 4129 recentius
462 4056 651 4125 multorum
692 4056 934 4125 sectariorum.
959 4055 1207 4123 Examinemus
1236 4053 1306 4120 iam
1337 4052 1423 4121 ahi·

145 4212 147 4216 v
255 4166 400 4236 storiam
423 4166 620 4255 dogmatis,
642 4191 659 4228 n
688 4172 729 4233 ut
753 4188 773 4231 a
796 4164 978 4254 Langenio
1001 4163 1202 4254 exponitur.
