3120 4988
739 264 777 278 -
799 231 859 297 254
880 264 918 278 -

708 421 862 490 CAPUT
885 421 977 490 HL·

426 607 655 654 NEOPHOTIANA
675 608 858 653 PERVERSIO
882 608 1065 653 DOCTRINAE
1088 609 1236 658 raram.

386 786 417 860 5.
443 777 476 842 I.
494 777 645 866 Neputc‘o
664 746 835 849 ,catholici
852 779 1029 867 principii
1053 780 1282 851 Proditionis.

313 997 502 1086 Postquam
526 1017 565 1062 eo
582 994 691 1080 modo,
717 1016 784 1085 quo
801 993 966 1079 vidimus,
993 996 1247 1068 assertionibus
1270 1000 1541 1070 arbitror-fl·

251 1107 317 1176 riis
337 1103 421 1197 quin
438 1101 496 1172 vel
512 1103 645 1191 species
661 1101 878 1190 probationis
894 1109 1072 1192 appareat,
1097 1133 1113 1168 a
1127 1105 1309 1176 Professor
1325 1111 1447 1178 theo«
1468 1114 1547 1163 Ο·

248 1214 364 1303 logiae
381 1209 605 1278 catholicaen
633 1208 832 1295 affirmavit,
852 1208 942 1275 nihil
967 1210 1003 1277 in
1019 1210 1108 1300 ipsis
1129 1211 1328 1304 Scripturis
1343 1239 1461 1287 con-
1479 1227 1551 1276 n·

249 1320 358 1394 tineri
381 1320 422 1388 de
445 1319 586 1386 interna
609 1318 778 1386 relatione
803 1317 960 1407 Spiritus
982 1318 1104 1388 Sancti
1120 1321 1164 1390 ad
1175 1322 1336 1412 Filium
1361 1339 1557 1420 εις-’ἒ

250 1429 413 1522 greditur
428 1426 632 1495 historicam
649 1448 746 1494 suam
763 1425 1045 1514 declarationem,
1070 1430 1236 1519 quomodo
1252 1456 1316 1522 per
1330 1442 1555 1504 aeta—fi·

249 1544 326 1606 tum
353 1537 537 1604 decursum
569 1555 643 1601 sese
673 1531 839 1600 habuerit
866 1533 1054 1623 replicatio
1087 1537 1287 1625 doctrinae,
1322 1556 1553 1634 quamam

250 1643 409 1715 Ecclesia
432 1640 605 1710 catholica
636 1639 760 1708 saltem
787 1663 808 1708 a
830 1642 955 1712 multis
985 1641 1055 1709 iam
1080 1645 1231 1714 saeculis
1261 1669 1492 1739 expressae
1501 1663 1552 1710 ὅθ

250 1759 292 1822 ut
307 1749 499 1819 articulum
514 1747 597 1818 fidei
618 1747 794 1817 revelatae
818 1751 1006 1839 profitetur
1029 1755 1065 1819 et
1087 1752 1271 1841 praedicat
1294 1756 1333 1823 in
1350 1757 1486 1826 suisa
1502 1748 1549 1817 3⁸

251 1857 420 1951 symbolis
443 1857 545 1943 fidei,
577 1859 613 1926 in
638 1856 849 1926 solemnibus
873 1859 1138 1950 definitionibus
1162 1862 1458 1952 Consiliorum*
1522 1907 1545 1941 -‚

251 1970 289 2039 in
313 1964 510 2037 universali
537 1965 760 2035 consensione
783 1969 819 2052 (a
842 1987 911 2058 qua
941 1988 984 2035 ne
1011 1967 1108 2057 ipsae
1139 1969 1279 2061 quidem
1312 1979 1545 2042 sectae-n

250 2074 530 2146 Protestantium
557 2073 715 2142 recedere
742 2095 848 2142 ausae
873 2080 978 2159 sunt,
1014 2076 1182 2167 quamdiu
1210 2082 1541 2169 mysterium]

251 2184 316 2254 SS.
336 2181 526 2251 Trinitatis
543 2180 768 2268 retinebant).
793 2181 837 2250 In
853 2181 919 2251 hac
935 2182 1088 2251 historia
1104 2184 1355 2272 replicationis
1370 2189 1463 2256 do-
1484 2203 1535 2239 Φ·

252 2294 383 2360 crriaoc
403 2291 503 2358 homo
519 2289 572 2357 ita
588 2294 764 2374 versatur,
784 2295 826 2357 ut
845 2291 959 2380 ipsum
975 2291 1185 2381 principium
1204 2293 1530 2368 traditiones

252 2397 444 2470 catholicae
459 2395 635 2485 huiusque
651 2397 915 2465 fundamentum
930 2397 1228 2469 infallibilitatem
1244 2401 1523 2474 Ecclesia&a

251 2508 316 2577 sub
345 2505 549 2574 assistentia
582 2504 736 2592 Spiritus
768 2506 934 2575 veritatis
964 2506 1135 2596 promissa
1170 2507 1208 2576 in
1241 2516 1515 2582 aeternum:

251 2616 315 2703 (Io.
330 2613 430 2682 XIV.
443 2613 497 2701 ls;
511 2613 639 2682 Matth.
653 2613 825 2683 XXVIII.
836 2615 922 2701 ab),
938 2615 982 2684 ad
999 2615 1265 2686 custodiendum
1285 2618 1511 2712 integre

252 2727 289 2791 et
315 2721 489 2790 veraciter
518 2721 761 2810 explicandum
792 2721 987 2811 depositum
1010 2723 1250 2812 revelationis,
1277 2738 1506 2818 prorsufl

254 2832 450 2900 subvertat.
472 2829 622 2919 Negatio
639 2831 709 2898 ista
732 2830 1006 2899 infallibilitatis
1022 2831 1201 2902 Ecclesiae
1217 2835 1320 2905 velut
1342 2837 1501 2907 filu*

254 2937 477 3006 Ariadnaeus
493 2943 608 3005 totum
637 2938 842 3028 opusculum
866 2938 1080 3008 Professoris
1101 2941 1264 3030 pervadit
1289 2943 1356 3029 ita,
1383 2952 1425 3015 ut

245 3048 339 3117 ‘haec
363 3045 519 3115 haeresis
540 3046 815 3114 fundamentalis
838 3069 906 3114 non
923 3047 1034 3116 solum
1058 3048 1129 3138 ipsi
1153 3075 1198 3134 τῳ
1217 3053 1424 3144 ὁποκειμενῳ

253 3156 328 3225 sive
344 3153 501 3223 subiecto
518 3153 770 3243 disputationis
787 3177 826 3223 ac
840 3155 892 3222 rei
908 3178 1010 3246 quam
1026 3158 1237 3246 probandam
1253 3163 1424 3252 suscepit,

254 3264 313 3333 sed
337 3262 491 3352 singulis
514 3263 588 3331 fere
611 3263 831 3352 argumentis
855 3270 1085 3353 supponatur.

320 3372 470 3462 Ipsemet
486 3394 614 3460 negare
631 3395 700 3439 non
711 3377 837 3460 potest,
857 3372 938 3440 inde
951 3372 1074 3441 saltem
1091 3379 1277 3465 atempore
1290 3377 1424 3464 Photii,

254 3503 321 3571 quo
345 3479 548 3548 distinctior
572 3479 764 3548 declaratio
794 3485 829 3547 et
859 3479 1027 3569 polemico
1056 3481 1211 3550 defensio
1242 3482 1428 3557 doctrinae

251 3588 449 3658 necessaria
472 3587 549 3656 fieri
573 3588 698 3676 coepit,
725 3605 798 3656 eam
814 3610 888 3656 esse
905 3589 1017 3656 totius
1032 3588 1211 3659 Ecclesiae
1227 3593 1428 3665 catholicae

252 3697 289 3764 in
305 3695 495 3765 articulum
520 3695 601 3764 fidei
624 3694 801 3764 revelatae
826 3695 868 3763 de
891 3695 1109 3784 processione
1126 3697 1284 3786 Spiritus
1302 3699 1428 3771 Sancti

252 3828 273 3873 a
295 3805 401 3873 Patre
426 3805 587 3895 Filioque
618 3803 794 3892 publicam
819 3810 855 3871 et
882 3802 1067 3871 solemnem
1090 3805 1353 3875 consensionem
1387 3830 1428 3878 ac

252 3913 514 4004 professionem,
534 3936 636 4003 quam
653 3912 818 3996 diximus,
843 3913 880 3978 in
898 3911 1078 4000 symbolis,
1104 3912 1142 3980 in
1160 3902 1429 3987 definitionibus

253 4021 509 4106 Consiliorum,
542 4019 578 4086 in
604 4020 800 4088 universali
829 4019 1090 4110 praedicatione
1114 4043 1154 4088 ac
1177 4019 1257 4089 fide.
1293 4021 1429 4093 Verum

253 4129 343 4195 hanc
368 4128 490 4194 saltem
521 4127 618 4194 mille
642 4148 810 4195 annorum
842 4126 1090 4216 professionem
1117 4149 1157 4195 ac
1179 4127 1283 4196 fidem
1315 4130 1432 4202 totius

254 4235 432 4305 Ecclesiae
457 4234 669 4321 catholicae,
699 4234 832 4325 hasque
856 4234 937 4303 fidei
961 4234 1183 4303 definitiones
1209 4236 1432 4309 «Professor

255 4343 451 4431 theologiae
471 4341 693 4417 catholicaen
719 4363 788 4409 non
804 4339 965 4430 agnoscit
989 4345 1030 4408 ut
1052 4341 1280 4412 sufficientem
1302 4367 1432 4438 propo-
