3120 4988
597 329 635 346 -.
659 293 717 358 139
738 327 775 344 .-

97 408 195 473 tatss
210 400 474 473 constituentes
496 406 534 472 st
549 401 807 491 distinguentes
822 401 931 472 trium
954 399 1181 494 personarum
1196 423 1272 473 esse

59 573 70 583 .
92 514 360 599 paternitatem,
378 512 602 600 filiationem,
624 512 882 599 processionem.
1238 539 1241 544 ·

166 620 273 707 Alter
296 620 417 688 modus
440 619 677 710 intelligendi,
704 643 803 710 quem
832 624 1016 688 contextus
1040 620 1215 711 permittit
1237 626 1274 690 et

97 729 263 797 doctrina
285 731 361 796 tum
385 726 531 795 eliorum
548 726 694 796 Petrum
720 737 796 795 tum
824 727 987 816 Gregorii
1007 729 1092 796 alibi
1108 749 1273 818 expressa

97 837 193 905 forte
213 835 483 925 probabiliorem
508 835 636 918 reddit,
664 835 695 902 is
719 843 785 917 est,
804 842 847 903 ut
868 837 961 904 ratio
984 859 1106 903 sansone
1129 841 1204 924 (της
1224 839 1274 904 ἀι·

99 948 194 1030 τιας)
218 966 285 1012 non
308 943 418 1013 solnm
442 946 478 1012 in
502 944 673 1013 relatione
696 944 740 1012 ed
762 944 897 1013 Filium
913 945 972 1013 sed
996 947 1182 1012 universim
1199 969 1274 1034 spe-

98 1059 200 1124 ctata
222 1054 364 1122 dicatur
389 1052 581 1142 personalis
616 1053 813 1143 proprietas
850 1053 981 1142 primae
1008 1075 1184 1142 personae.
1212 1054 1274 1123 Ni·

97 1164 227 1231 mirum
252 1160 378 1231 Graeci
401 1161 536 1229 nomine
561 1187 621 1239 της
648 1163 761 1239 densae
785 1161 1026 1250 intelligentes
1049 1170 1123 1230 tum
1143 1162 1273 1252 prinoi-

97 1272 199 1361 piom
214 1269 259 1337 ad
284 1270 379 1337 intra
401 1278 473 1338 tum
490 1292 629 1338 oausam
647 1269 690 1338 ed
707 1283 820 1357 extra,
839 1269 876 1336 in
893 1271 1149 1360 comparatione
1166 1271 1274 1340 trium

97 1400 325 1469 personarum
348 1379 556 1469 'quandoque
580 1377 687 1446 solam
712 1378 858 1468 primam
882 1396 1073 1468 personam,
1093 1401 1179 1470 quae
1202 1379 1275 1448 vir·
1351 1373 1380 1452 ,³

98 1493 213 1555 tutem
240 1486 405 1577 principii
416 1491 464 1554 'et
487 1508 612 1555 oausae
635 1509 702 1552 non
728 1486 834 1553 habet
850 1486 894 1552 sb
916 1486 988 1552 alia
1012 1486 1071 1554 sed
1095 1508 1168 1553 eam
1192 1486 1275 1556 aliie

99 1592 345 1678 communicat,
372 1594 495 1662 dicunt
519 1617 581 1669 την
607 1594 735 1677 cesses,
762 1593 819 1661 vel
843 1617 883 1660 ‘ro
910 1595 1033 1688 deseos,
1053 1617 1121 1684 qua
1138 1593 1275 1682 praedi·

100 1700 240 1769 catione
257 1722 339 1768 sune
355 1723 431 1768 non.
446 1711 599 1790 negatur
622 1700 727 1767 aliem
746 1723 881 1792 qnoque
898 1723 1076 1790 personam
1091 1723 1164 1771 esse
1181 1702 1276 1791 prin·

91 1807 233 1899 cipium
257 1808 313 1878 vel
338 1830 489 1893 oausam,
515 1809 575 1878 sed
599 1818 750 1898 negatur
765 1831 840 1877 esse
858 1809 1118 1899 principiumet
1134 1831 1275 1878 oausam

104 1919 177 1986 sine
203 1917 394 2008 principio..
407 1917 466 1984 Ita
482 1916 676 2005 Gregorius
701 1916 738 1985 in
756 1915 820 1984 hae
837 1916 914 2006 ipsa
930 1917 1086 1984 oratione
1104 1915 1271 1986 XXXIV.

41 2099 46 2109 Χ
105 2050 138 2098 n.
155 2027 202 2095 8:⁴
222 2027 347 2094 «Deus
371 2025 408 2092 in
432 2025 546 2093 tribus
570 2024 729 2093 maximis
753 2025 988 2110 subsistitis
1009 2047 1125 2106 causo,
1151 2025 1186 2092 in
1204 2022 1275 2112 opi·

105 2136 186 2219 fiee,
213 2135 253 2202 in
276 2134 488 2224 perfectore,
513 2134 550 2200 in
575 2134 678 2201 Patre
708 2135 874 2225 inquam,
900 2133 1054 2202 etFilio
1077 2142 1113 2203 et
1136 2131 1278 2230 Spiritu¹

105 2243 266 2313 Sanoton
300 2243 362 2331 (l).
388 2243 455 2311 Hie
487 2250 588 2309 notae
619 2241 879 2330 distinguentes
909 2240 1017 2311 trium
1050 2264 1275 2333 personarum

102 2351 304 2421 immediate
320 2361 357 2420 et
372 2351 502 2419 directe
518 2372 560 2419 ex
576 2351 806 2418 relationibus
822 2347 869 2416 od
886 2366 986 2418 entra
1004 2351 1273 2439 significantur.

101 2463 283 2548 Quomodo
313 2484 398 2551 ergo
421 2462 514 2529 ratio
543 2484 665 2527 causus
694 2460 765 2529 dioi
789 2469 905 2550 potest
931 2469 1014 2529 nota
1049 2461 1275 2551 distinguens

97 2573 238 2654 Putris,
257 2592 334 2640 curn
358 2591 399 2638 ea
419 2563 613 2638 'eommunis
636 2568 774 2636 omnino
790 2569 839 2638 sit
861 2575 898 2638 et
922 2592 992 2638 una
1016 2570 1053 2638 in
1077 2571 1196 2654 Patre,
1214 2570 1275 2640 Fi·

96 2679 169 2765 lio,
187 2678 323 2771 Spiritu
348 2675 499 2747 Sancto?
522 2677 696 2748 Nimirum
714 2677 819 2746 Pater
837 2685 891 2746 est
914 2700 1020 2746 eausa
1035 2678 1276 2767 primordialis
1300 2663 1303 2668 ⁵

100 2787 187 2860 sine
213 2784 387 2877 principio
412 2786 448 2874 (ri
474 2807 751 2876 προκατκρκτικη
779 2787 898 2869 densa,
925 2787 946 2862 ri
972 2811 1087 2877 πρωτη
1116 2788 1225 2869 ἀιτια,
1251 2788 1273 2860 ri

106 2899 205 2967 ἀιτια
228 2922 289 2976 της
316 2898 429 2973 dieser
447 2900 486 2964 ut
508 2916 529 2962 a
553 2895 686 2964 Basilio
708 2895 936 2980 audivimus),
955 2900 992 2962 et
1007 2895 1083 2962 ideo
1108 2893 1274 2984 hyposta-

103 3001 180 3074 sies
201 3027 241 3075 ee
264 3004 301 3071 in
326 3001 583 3092 comparatione
614 3025 690 3070 oum
712 3001 797 3096 eliis
821 3001 995 3091 personis,
1022 3022 1109 3091 quse
1134 3001 1277 3090 abipso

102 3111 236 3180 habent
258 3113 429 3180 rationem
453 3130 591 3191 causae,
610 3109 677 3177 soli
693 3109 793 3178 Petri
818 3116 858 3176 ut
883 3132 1046 3198 personae
1074 3110 1204 3199 primae
1225 3133 1278 3178 re-
1335 3191 1338 3198 Ι

104 3227 272 3288 servatur
295 3218 381 3286 hese
404 3219 630 3307 praedicatio.
654 3218 727 3286 Imo
750 3217 944 3306 Gregorius
964 3226 1083 3286 noster
1099 3242 1176 3287 enm
1192 3218 1276 3288 aliis

103 3324 273 3397 Patribus
296 3325 406 3410 dicit,
432 3325 469 3394 iu
494 3327 750 3414 comparatione
781 3348 859 3394 eum
882 3325 976 3394 Filio
1000 3327 1141 3396 Patrem
1167 3327 1277 3417 hypo·

100 3433 234 3504 statius
258 3431 453 3524 praedicari
471 3435 589 3511 Deum,
605 3433 738 3502 Filium
762 3456 845 3503 vero
870 3436 1064 3514 Dominum,
1080 3435 1124 3502 ad
1142 3435 1278 3503 demon·

97 3545 288 3613 strandum
308 3543 480 3611 unitatem
503 3543 682 3633 principii.
706 3544 855 3633 Gregor.
869 3566 919 3613 or.
935 3543 989 3613 25.
1002 3567 1035 3612 n.
1050 3543 1104 3613 15.
1125 3542 1221 3634 (vide
1237 3545 1279 3615 dc

93 3639 209 3721 Trio.
228 3653 294 3721 Th.
310 3650 376 3721 XI.
395 3675 431 3719 n.
449 3651 509 3736 Ι.).
528 3651 627 3719 Unde
650 3653 798 3743 quod'in
826 3651 1026 3720 testimonio
1049 3673 1071 3717 e
1096 3650 1278 3749 Phocionis

87 3749 247 3851 ⁰biecto
263 3759 408 3842 dieitur,
427 3761 541 3829 omnia
564 3761 683 3829 Patris
706 3782 779 3828 esse
796 3759 892 3828 Filio
915 3758 1121 3841 eommunia,
1139 3747 1280 3847 praeter

82 3860 275 3936 rationem
300 3889 441 3947 suusne,
465 3867 607 3958 perinde
637 3875 692 3935 est
715 3887 755 3934 se
779 3867 809 3932 si
834 3866 996 3949 dicatur,
1024 3867 1280 3938 omni-essarris

76 3974 176 4078 θῗθθ
202 3975 299 4044 Filio
319 3976 528 4056 communia,
555 3997 594 4043 eo
618 3975 691 4042 solo
714 3984 867 4063 excepto,
887 3974 977 4064 quod
997 3974 1118 4042 Filius
1140 3983 1281 4044 nonest

74 4081 177 4182 ⁸{110
203 4083 382 4174 principio
406 4083 464 4151 sed
488 4107 508 4152 a
531 4085 649 4168 Putre,
676 4091 781 4173 etque
797 4082 874 4150 ideo
895 4081 1107 4173 principium
1125 4103 1169 4161 ex
1183 4085 1281 4177 prin?

69 4179 216 4276 elifio,
241 4199 282 4261 ut
304 4195 400 4271 Dens
424 4193 465 4261 de
488 4193 573 4262 Deo.
1276 4178 1278 4183 ’

170 4325 226 4408 (1)
243 4342 306 4401 bros
327 4336 353 4392 is
374 4358 441 4410 egros
468 4358 522 4399 τοις
540 4357 680 4411 μεγιστοις
704 4334 825 4401 ἵσταται,
843 4335 927 4406 decep,
945 4342 1087 4412 δημιουργῳ
1112 4343 1279 4394 casnedus·

58 4413 173 4479 ’θ’θ’
201 4445 237 4498 τῳ
254 4450 331 4503 carpe
351 4435 428 4501 sepe,
446 4450 490 4484 και
511 4450 543 4501 τῳ
564 4428 606 4500 einp
624 4449 668 4484 aas
689 4448 720 4500 sp
740 4428 807 4501 ἁγιῳ
826 4447 965 4500 senopem.
