3120 4988
679 361 716 374 -
738 327 796 390 iii
820 359 857 372 -

176 435 253 497 tum
277 433 332 496 est
356 426 529 518 Spiritum
554 430 712 495 sanctum
735 449 811 495 esse
835 448 942 494 unum
967 425 1076 494 Deum
1101 448 1179 494 cum
1196 427 1302 495 Patre
1319 432 1356 496 θῖ

175 535 275 605 Filio
298 536 373 604 sine
398 535 473 604 ulla
496 533 724 603 distinctione
748 535 785 602 in
808 533 1084 623 perfectionibus
1108 535 1291 618 absolutis,
1318 539 1356 602 et

180 667 255 713 esse
279 667 462 734 personam
486 644 690 713 distinctam
714 644 778 710 sub
796 643 936 712 formali
953 644 1123 738 relations
1138 646 1295 734 Spiritus
1312 646 1355 715 sd

183 753 287 820 sliam
310 776 504 841 personam,
532 751 640 821 cuius·
657 734 717 819 est*
735 751 904 842 Spiritus.
929 752 1026 821 Aliis
1051 754 1188 823 verbis:
1214 753 1356 821 nomina

172 862 381 950 personalia
405 861 441 929 in
467 859 528 929 SS.
548 860 725 928 Trinitate
750 858 956 948 significant
979 883 1047 928 non
1071 861 1271 929 absolutum
1296 858 1356 928 sed

185 971 375 1040 relativum
399 969 442 1037 ad
466 968 572 1035 aliam
596 988 789 1058 personam.
816 965 917 1036 Sicut
940 967 1058 1036 Filius
1082 991 1150 1037 non
1174 968 1219 1037 ad
1243 991 1279 1037 se
1303 967 1356 1036 di·

186 1080 279 1148 citur
303 1078 363 1148 sed
386 1078 535 1147 relative
559 1076 603 1144 ad
627 1076 733 1144 aliam
756 1099 950 1176 personam,
976 1099 997 1145 a
1022 1101 1090 1170 qua
1113 1083 1168 1147 est
1191 1078 1355 1167 genitus;

184 1190 235 1257 ita
268 1187 425 1277 Spiritus
456 1185 716 1276 (personaliter)
739 1209 808 1254 non
832 1187 876 1255 ad
901 1210 937 1256 se
961 1187 1095 1257 dicitur
1119 1188 1177 1257 sed
1206 1188 1359 1257 relative

185 1297 227 1365 ad
252 1296 358 1364 aliam
383 1318 583 1388 personam,
609 1317 724 1387 aqua
754 1301 808 1364 est
832 1294 1002 1385 spiratus.
1029 1294 1100 1378 Qui
1121 1296 1213 1365 hanc
1237 1295 1357 1365 relati-

186 1428 265 1474 vam
290 1404 585 1494 significationem
608 1404 785 1473 nominum
810 1404 1107 1494 distinguentium
1123 1429 1358 1496 personasse·

184 1520 297 1604 garet,
323 1537 362 1583 eo
385 1514 461 1604 ipso
486 1520 633 1604 negaret
656 1536 822 1605 personas
846 1513 988 1584 divinas
1011 1514 1190 1605 distingui
1207 1515 1292 1584 solis
1307 1535 1360 1584 re·-

184 1622 402 1710 lationibus;
435 1630 471 1693 et
505 1610 754 1715 consequenter
788 1626 994 1712 perturbata
1024 1632 1100 1693 tota
1134 1625 1295 1694 doctrina
1319 1625 1361 1694 de

186 1733 356 1821 mysterio
392 1731 606 1818 Trinitatis,
646 1732 819 1802 incideret
853 1731 891 1800 in
926 1732 1167 1801 Arianismum
1199 1733 1257 1803 vel
1283 1733 1362 1801 Tri·

185 1842 374 1910 theismum
398 1840 599 1909 affirmando
623 1823 887 1910 distinctionem
912 1841 1017 1910 etiam
1036 1864 1097 1931 per
1113 1840 1268 1932 aliquam
1285 1825 1373 1930 per-⁵

187 1951 372 2019 factionem
396 1949 613 2034 absolutam,
640 1950 762 2018 autin
787 1947 1093 2018 Sabellianismum
1116 1948 1275 2036 negando
1292 1946 1361 2014 dis-

187 2059 391 2129 tinctionem
415 2081 478 2148 per
500 2057 689 2126 relationes
712 2048 853 2127 divinas
884 2079 957 2125 esse
988 2055 1127 2125 realem.
1147 2056 1243 2145 Ergo
1269 2055 1364 2124 sicut

190 2192 312 2238 nomen
334 2167 530 2237 revelatum
554 2167 671 2235 Filius
694 2189 757 2256 pro
781 2166 931 2235 secunda
945 2187 1093 2255 persona
1110 2163 1303 2232 Trinitatis
1321 2185 1362 2230 ex

191 2299 254 2346 sua
279 2275 539 2365 significatione
563 2275 717 2346 relativa
749 2275 904 2344 continet
934 2274 1183 2344 revelationem
1214 2272 1365 2361 originis

191 2385 297 2454 huius
322 2406 489 2475 personae
513 2386 557 2453 ab
580 2383 656 2468 illa,
683 2384 784 2453 cuius
807 2383 940 2453 dicitur
957 2384 1086 2480 Filius3
1106 2384 1158 2451 ita
1174 2405 1295 2450 nomen
1311 2403 1364 2449 re-

193 2495 350 2564 velatum
377 2495 530 2584 Spiritus
553 2494 699 2563 Sanctus
722 2516 784 2584 pro
800 2493 909 2562 tertia
924 2516 1071 2584 persona
1087 2494 1238 2562 relative
1255 2491 1365 2581 signi·

192 2603 301 2674 ficana
324 2605 495 2692 spiratum
519 2627 586 2670 esse
617 2602 773 2671 continet
804 2602 1051 2672 revelationem
1083 2602 1233 2692 originis
1257 2603 1300 2670 ab
1325 2620 1365 2669 ea

184 2719 354 2801 'persona
380 2711 480 2781 cuius
504 2718 558 2780 est
578 2709 737 2802 ,Spiritus
761 2734 822 2780 seu
847 2711 1016 2801 spiratus.

185 2813 191 2824 ’
256 2821 334 2890 Hac
358 2819 618 2909 significatione
641 2822 789 2886 uomiuis
808 2822 951 2909 proprii
975 2844 1015 2887 uc
1029 2820 1224 2910 personalis
1240 2842 1365 2910 suppo·

191 2930 263 3000 sita
287 2929 521 3021 quaerendum
544 2928 731 2998 dumtaxat
754 2937 921 3014 remanet,
941 2929 1042 2998 cuius
1059 2950 1225 3019 personae
1242 2949 1303 2995 seu
1320 2928 1365 2996 ad

188 3062 300 3132 quam
324 3059 507 3128 personam
519 3038 669 3116 relative
682 3039 838 3126 Spiritus
851 3037 1004 3106 dicatur.
1014 3037 1088 3105 Hoc
1101 3037 1191 3104 enim
1206 3036 1365 3122 interest,

185 3147 286 3242 quod
311 3147 451 3238 nomina
476 3148 597 3215 Patris
621 3153 656 3214 θῖ
680 3146 773 3213 Filii
796 3167 864 3212 non
889 3145 1001 3213 solum
1025 3145 1232 3217 relationem
1256 3146 1367 3234 origi-

179 3257 247 3326 nis
272 3257 319 3325 ad
343 3256 449 3325 aliam
473 3256 658 3347 personam
678 3255 960 3340 indeterminate,
975 3256 1034 3324 sed
1059 3256 1241 3324 definitive
1257 3255 1367 3344 signi-

178 3367 304 3437 ficant
319 3364 523 3434 relationem
536 3364 656 3431 Patris
672 3363 810 3454 quidem
827 3362 872 3430 ad
886 3364 1032 3447 Filium,
1049 3364 1138 3433 Filii
1154 3363 1201 3431 ud
1213 3366 1368 3448 Putreuu

176 3479 320 3543 contra
343 3494 425 3541 vero
448 3494 571 3540 nomen
594 3471 860 3560 hypostaticam
885 3472 1040 3560 Spiritus
1063 3472 1223 3562 quumvis
1255 3473 1367 3562 signi-

175 3574 277 3652 fice't
301 3579 507 3647 relationem
538 3579 666 3669 spirati
690 3578 737 3646 ud
768 3583 981 3670 spirantem,
1014 3603 1080 3647 non
1105 3587 1220 3648 tamen
1246 3604 1307 3669 per
1332 3605 1368 3651 se

174 3689 421 3773 determinat,
448 3710 616 3779 quaenam
641 3689 690 3757 sit
713 3711 860 3779 persona
884 3690 1032 3778 spirans3
1061 3687 1120 3755 sed
1146 3687 1210 3755 hoc
1226 3688 1370 3757 aliunde
1425 3753 1429 3760 .

172 3822 230 3869 ex
259 3797 337 3865 illis
360 3796 573 3865 testimoniis
596 3797 729 3866 divinis
754 3798 957 3867 discendum
972 3805 1036 3879 est,
1057 3797 1092 3863 in
1111 3797 1238 3888 quibus
1256 3798 1371 3888 expri-

180 3915 315 3976 matur
338 3907 417 3995 ipsa
440 3929 607 3994 persona,
635 3909 730 3973 cuius
753 3909 800 3972 sit
828 3908 983 3994 Spiritus
1011 3907 1169 3974 Sanctus.
1195 3906 1308 3997 Atqui
1333 3909 1371 3975 in

180 4013 304 4084 libris
327 4013 412 4082 novi
437 4013 798 4096 Testamentiverbis
823 4013 968 4081 disertis
982 4012 1116 4081 Christi
1133 4021 1169 4081 et
1184 4013 1371 4103 Apostolo-

181 4120 386 4204 rum,idem
400 4121 460 4212 qui
475 4121 630 4210 Spiritus
644 4122 775 4206 Patris,
791 4121 896 4188 etiam
909 4120 1112 4189 declaratur
1124 4144 1199 4189 esse
1213 4124 1371 4211 Spiritus

192 4227 305 4310 Filii,
331 4237 373 4296 ut
396 4251 512 4297 omnes
536 4238 667 4299 norunt
690 4238 726 4299 et
749 4230 893 4318 Langen
926 4230 1071 4318 ipsemet
1098 4229 1193 4298 ultro
1223 4230 1371 4301 fatetur.

195 4335 298 4425 Ergo
321 4335 415 4404 sicut
437 4337 514 4426 ipso
539 4337 676 4406 nomine
693 4338 786 4404 Filii
809 4338 847 4404 in
864 4335 927 4405 SS.
944 4337 1123 4406 Trinitate
1140 4339 1238 4429 origo
1255 4363 1374 4409 secun·

205 4440 267 4513 dae
290 4466 456 4536 personae
480 4467 501 4513 a
525 4446 632 4517 Patre
648 4445 843 4533 revelatur,
858 4445 910 4514 ita
926 4447 1081 4536 Spiritus
1099 4448 1221 4516 Putris
1237 4462 1270 4516 et
1281 4448 1377 4518 Filii
