3158 4980
701 327 739 341 -
761 295 819 358 266
840 327 877 340 -

265 401 342 472 Ista
367 390 450 471 sunt
473 403 680 471 documenta
704 403 830 487 omnia,
850 423 937 494 quae
953 401 998 469 ad
1023 400 1217 469 doctrinam
1242 400 1286 468 de
1304 423 1376 489 pro
1456 450 1469 461 .

199 510 353 577 cessione
382 508 539 599 Spiritus
574 509 696 579 Sancti
730 492 946 599 pertinentia
980 514 1062 577 aute
1098 509 1376 578 controversiam
1467 576 1469 582 ,

198 606 408 685 rhetianam
432 619 564 707 scripta
588 618 798 687 dissertator
821 633 940 685 noster
964 617 1145 706 produxit.
1172 617 1275 686 Nunc
1293 638 1376 687 vero
1461 666 1469 681 .

200 707 320 792 modus
345 725 460 796 adhuc
483 726 758 795 considerandus
782 732 847 810 est,
868 749 933 816 quo
956 726 1081 793 Patres
1106 723 1303 792 doctrinam
1320 746 1378 792 ex·
1457 776 1469 786 .

202 831 359 901 hibeant.
386 835 460 901 lam
494 834 571 923 ipsa
594 834 765 903 intestina
789 833 880 902 ratio
912 832 1076 922 mysterii
1101 833 1164 900 SS.
1186 830 1380 900 Trinitatis
1452 890 1465 903 .

200 942 473 1031 propositionem
497 943 539 1011 de
563 942 701 1032 origine
726 943 927 1011 divinarum
952 963 1197 1031 personarum,
1224 941 1379 1029 adeoque

201 1048 243 1116 de
265 1050 485 1137 processione
509 1050 668 1139 Spiritus
693 1050 816 1120 Sancti
832 1049 967 1117 nullam
983 1049 1090 1116 aliam
1102 1047 1265 1117 admittit
1278 1068 1405 1138 quam

201 1178 243 1223 ex
267 1157 391 1226 divina
414 1158 650 1244 revelatione,
678 1160 714 1227 in
738 1180 808 1251 qua
842 1158 899 1229 vel
934 1158 1102 1247 explicite
1127 1155 1185 1225 vel
1209 1155 1409 1244 implicite

202 1265 435 1335 contineatur.
464 1267 633 1349 Quaestio
657 1289 741 1357 ergo
758 1277 828 1336 non
850 1273 966 1356 potest
989 1288 1077 1351 esse,
1097 1271 1218 1334 utrum
1234 1265 1304 1333 ΡΡ.
1324 1264 1392 1333 do-

203 1372 353 1441 ctrinam
366 1373 555 1443 exhibeant
573 1375 673 1444 velut
689 1376 886 1444 derivatam
902 1397 944 1442 ex
961 1374 1119 1442 fontibus
1136 1370 1387 1460 revelationis3

202 1479 268 1547 hoc
292 1481 384 1547 enim
409 1482 644 1551 certissimum
660 1491 726 1552 est:
746 1484 804 1552 sed
821 1482 944 1575 quaeri
961 1486 1101 1548 tantum
1114 1485 1243 1569 potest,
1259 1484 1378 1547 utrum

202 1588 379 1677 privatam
412 1590 597 1659 dumtaxat
620 1591 814 1681 opinionem
847 1614 939 1658 unus
967 1588 1104 1657 alterve
1136 1593 1310 1677 proponat
1341 1585 1378 1654 de

204 1696 509 1784 comprehensione
534 1699 714 1768 doctrinae
739 1700 776 1766 in
800 1699 906 1769 verbo
922 1697 1000 1780 Dei,
1021 1717 1173 1764 unvero
1194 1715 1377 1762 consensus

201 1799 380 1872 Ecclesiae
392 1806 585 1876 catholicae
601 1807 809 1876 exhibeatur
827 1807 863 1873 in
881 1804 960 1895 ipsa
976 1803 1149 1872 doctrina.
1165 1803 1242 1870 Hoc
1260 1802 1378 1871 deinde

203 1908 355 1979 alterum
371 1912 501 1981 iterum
525 1915 602 1984 fieri
627 1921 743 2004 potest
766 1913 971 2003 tripliciter,
993 1910 1051 1980 vel
1075 1911 1128 1977 ita
1145 1917 1187 1978 ut
1212 1909 1378 1998 simplici·

203 2022 258 2085 ter
281 2019 395 2108 ipsum
420 2022 546 2111 dogma
569 2024 747 2106 doceatur,
766 2045 808 2090 ex
833 2028 962 2089 natura
984 2021 1037 2087 rei
1062 2018 1287 2107 supponendo
1303 2018 1376 2086 eius

205 2124 459 2196 derivationem
490 2153 533 2198 ex
561 2130 719 2199 revelata
750 2131 923 2215 veritate,
950 2127 1007 2196 vel
1031 2127 1084 2195 ita
1108 2133 1149 2194 ut
1179 2125 1315 2193 diserte
1338 2124 1378 2192 ad

206 2232 320 2322 ipsum
345 2236 475 2304 fontem
501 2238 675 2327 dogmatis
699 2237 735 2304 i'n
760 2235 990 2304 monumentis
1015 2232 1243 2303 revelationis
1264 2232 1380 2322 appel-

204 2340 311 2429 letur;
340 2343 396 2412 vel
413 2345 563 2436 denique
587 2347 640 2412 ita
657 2352 697 2414 nt
714 2345 890 2430 articulus
904 2342 987 2411 fidei
1003 2341 1171 2430 explicite
1188 2340 1381 2411 credendus

205 2447 402 2518 instantius
425 2452 648 2541 praedicetur
679 2476 741 2544 per
765 2450 1007 2530 authenticam
1031 2449 1296 2532 definitionem,
1323 2470 1383 2537 per

205 2553 349 2642 publica
373 2559 552 2645 symbola,
579 2568 643 2629 aut
666 2583 726 2650 per
751 2559 918 2627 disertam
954 2554 1224 2646 explicationem
1248 2553 1383 2644 obliga-

205 2663 313 2731 tionis
338 2664 421 2733 fidei
438 2672 617 2758 tamquam
641 2669 678 2734 in
704 2667 890 2735 veritatem
907 2662 1101 2733 revelatam
1118 2663 1188 2730 iam
1212 2662 1385 2740 sufficien-

205 2777 261 2839 ter
285 2772 323 2838 in
345 2773 507 2841 Ecclesia
530 2776 596 2843 Dei
620 2775 847 2865 propositam.
875 2773 942 2839 Hic
966 2781 1081 2839 tamen
1105 2770 1237 2838 tertius
1262 2771 1385 2838 modus

206 2881 496 2969 praedicationis,
525 2890 565 2951 ut
589 2884 736 2975 quisque
761 2881 867 2951 facile
883 2879 1069 2967 intelligit,
1089 2878 1384 2946 accommodatius

206 2989 391 3077 respondet
414 2991 470 3057 illi
487 2991 614 3076 stadio,
633 2991 670 3058 in
695 3014 761 3081 qno
787 2990 922 3058 veritas
939 2989 1007 3054 iam
1026 2992 1151 3054 contra
1174 2987 1384 3076 ingruentes

207 3117 343 3163 errores
366 3097 583 3166 defendenda
600 3105 666 3185 est;
685 3108 720 3166 et
736 3099 812 3165 ideo
837 3097 928 3163 nihil
951 3096 1077 3163 mirum
1094 3104 1198 3179 esset,
1219 3097 1251 3164 si
1267 3097 1385 3164 rarius

207 3210 406 3271 occurreret
434 3203 470 3270 in
500 3205 615 3272 stadio
644 3204 766 3294 priori,
791 3205 851 3271 ubi
881 3202 979 3270 nullo
1009 3203 1166 3270 instante
1195 3201 1385 3270 calumnia·

208 3315 295 3393 tore,
316 3318 352 3378 et
374 3311 475 3377 nulla
498 3311 613 3379 adhuc
638 3319 716 3379 orta
741 3311 983 3379 controversia
1013 3311 1116 3377 «sine
1140 3308 1285 3378 insidiis
1312 3333 1390 3400 per·

208 3512 343 3578 Filioque
364 3533 376 3560 a
391 3513 422 3565 in
437 3513 580 3566 occidente
601 3514 656 3565 iam
672 3514 744 3565 satis
757 3511 967 3571 universaliter
980 3513 1122 3576 receptam
1136 3511 1227 3563 tuisse
1239 3531 1272 3578 a,
1294 3518 1382 3579 poste·

208 3603 268 3654 rius
287 3603 418 3668 symbolo
438 3603 528 3656 eidem
543 3604 684 3656 tributam
703 3603 792 3654 inisse
814 3623 827 3648 a
840 3600 1041 3654 auctoritatem
1056 3600 1221 3653 canonicam
1236 3622 1248 3648 n
1266 3599 1307 3670 (p.
1322 3596 1379 3670 78),

209 3692 312 3745 addere
329 3694 486 3760 debuisset,
509 3696 620 3746 saeculo
632 3696 681 3746 VI.
697 3693 753 3745 iam
766 3692 840 3744 illud
858 3691 1043 3743 “memoriter
1057 3689 1232 3742 tenendum»
1246 3691 1381 3757 praeseri·

209 3785 290 3848 ptum
310 3784 401 3836 luisse
423 3785 579 3837 comnibus
601 3785 779 3851 presbyteris
805 3785 834 3833 et
859 3781 987 3833 diaconis
1007 3795 1056 3831 sen
1077 3779 1286 3832 subdiaconis»
1307 3779 1381 3852 (vide

211 3871 388 3926 Ballerinios
408 3876 478 3941 opp.
496 3875 639 3928 suenrus
659 3875 736 3926 Pom.
751 3874 806 3923 III.
824 3889 850 3938 p.
865 3869 951 3941 tabl.
965 3871 1053 3922 Paulo
1073 3875 1139 3937 post
1158 3870 1308 3934 Pelagium
1327 3883 1382 3922 aaa·

211 3964 272 4015 culo
286 3966 335 4016 Vl.
356 3966 472 4018 labente
487 3966 641 4030 Gregorius
654 3967 690 4016 M.
715 3984 727 4010 a
741 3963 873 4029 perstitit
892 3964 922 4013 in
935 3962 1074 4014 communi
1091 3959 1318 4012 occidentalibus
1331 3960 1382 4012 ior·

209 4068 254 4103 ma
274 4053 429 4121 doctrinae,
451 4056 591 4121 Spiritum
611 4055 743 4108 Sanctum
759 4052 909 4118 procedere
929 4069 946 4101 a
960 4051 1046 4102 Patre
1064 4049 1225 4115 Filioque»
1241 4046 1283 4120 (p.
1300 4043 1381 4119 lot).

208 4144 243 4196 In
258 4144 311 4196 hac
326 4160 419 4196 rernm
434 4146 607 4211 conditione,
624 4145 736 4212 quando
748 4143 883 4207 Pelagius
897 4144 919 4193 Ι.
937 4141 1086 4208 profitetur
1101 4139 1240 4204 Spiritum
1256 4139 1382 4193 Sanctum

212 4232 335 4282 «Patris
349 4248 403 4284 esse
415 4233 544 4300 Filiique
556 4233 701 4298 Spiritum,
717 4253 729 4280 a
753 4230 821 4297 quid
837 4244 942 4296 quaeso
958 4227 1038 4279 aliud
1059 4225 1239 4279 inferendum
1256 4232 1310 4292 est,
1331 4223 1385 4276 nisi

208 4323 327 4386 Pelagio
342 4337 452 4389 quoquo
474 4323 651 4376 usecundum
666 4337 838 4375 communem
854 4318 1072 4373 occidentalium
1087 4317 1248 4372 doctrinam
1260 4341 1273 4367 s
1294 4319 1384 4386 explo-

211 4412 390 4467 ratissimum
399 4412 501 4484 inisse,
511 4412 606 4466 Patria
615 4413 744 4481 Pilioque
754 4411 890 4479 Spiritum
900 4423 962 4463 esse
972 4410 1108 4475 spirarum
1118 4409 1231 4462 aPatre
1239 4404 1385 4476 Filioque!
