3120 4988
686 301 725 318 -
747 271 806 334 255
827 304 865 320 -

194 375 355 444 sitionem
371 376 454 445 fidei
479 378 680 464 credendae,
707 401 816 469 neque
833 378 978 468 proinde
1002 383 1043 448 ut
1064 377 1290 446 sufficientem
1306 379 1363 448 do·

194 484 328 551 ctrinae
352 484 530 554 revelatae
553 486 900 571 demonstrationem,
928 509 969 554 ex
991 509 1060 578 qua
1084 486 1279 555 necessario
1302 509 1366 577 per

193 599 437 678 argumentum
461 594 750 684 praescriptionis
781 595 966 663 inferenda
988 595 1038 662 sit
1062 594 1284 664 consentiens
1308 595 1365 663 do·

194 700 309 765 ctrina
326 723 365 767 ac
381 701 467 768 fides
492 702 660 791 explicita
676 702 733 770 vel
750 702 873 770 saltem
893 702 1070 792 implicita
1093 702 1246 770 omnium
1270 710 1365 770 aeta·

194 812 268 874 tum
292 808 571 876 antecedentium
605 831 715 899 usque
739 809 782 876 ad
806 811 1006 899 Apostolos.
1031 809 1146 900 Atqui
1169 811 1254 879 haec
1289 811 1367 900 ipsa

193 920 246 982 est
280 921 405 1004 aperta
433 916 575 1004 negatio
607 916 774 1006 principii
804 917 969 985 catholici
995 917 1035 984 de
1064 916 1270 986 Traditione
1297 919 1365 986 for·

192 1020 275 1088 mali
300 1028 336 1089 et
359 1023 400 1090 de
424 1021 686 1093 infallibilitate
709 1023 890 1093 Ecclesiae
913 1023 951 1091 in
972 1024 1133 1092 custodia
1155 1028 1192 1092 et
1215 1025 1367 1114 explica-

192 1131 289 1198 tione
314 1131 424 1198 totius
449 1131 630 1200 doctrinae
653 1131 842 1214 revelatae,
869 1139 904 1199 et
923 1131 1070 1200 assertio
1093 1132 1261 1221 principii
1284 1133 1366 1200 Pro·

191 1239 421 1322 testantismi‚
449 1240 635 1307 secundum
661 1241 751 1331 quod
776 1240 875 1307 nulla
891 1240 997 1308 datur
1020 1241 1215 1330 propositio
1236 1242 1365 1309 doctri-

190 1367 255 1413 nae
286 1367 347 1434 pcr
370 1345 563 1413 Ecclesiam
592 1346 796 1416 authentica
827 1352 863 1415 et
890 1370 932 1414 ex
959 1348 1130 1437 promisso
1155 1348 1365 1417 charismate

191 1452 348 1542 Spiritus
373 1453 495 1521 Sancti
519 1453 744 1540 infallibilis;
771 1456 830 1523 sed
855 1455 1009 1543 singulis
1036 1455 1302 1536 «doctoribus»
1330 1463 1365 1525 et

191 1567 441 1651 consequenter
466 1561 621 1650 singulis
645 1561 853 1631 christianis
869 1563 926 1631 ius
942 1570 995 1631 est
1021 1570 1057 1632 et
1081 1564 1231 1633 officium
1255 1566 1366 1655 ipsam

190 1668 443 1757 professionem
469 1691 509 1736 ac
528 1668 630 1738 fidem
653 1669 834 1762 Ecclesiae
857 1670 1081 1759 examinandi
1104 1678 1140 1740 et
1162 1671 1364 1761 iudicandi,

191 1782 315 1847 utrum
339 1783 375 1845 et
395 1782 570 1868 quatenns
593 1800 633 1845 ea
650 1799 734 1848 vera
750 1778 800 1845 sit
822 1783 859 1846 et
873 1779 917 1845 ab
932 1778 1115 1868 Apostolis
1130 1780 1278 1866 tradita,
1305 1804 1367 1852 neo

190 1887 359 1956 credendi
379 1886 510 1955 nisiex
527 1887 668 1976 privata
684 1890 749 1970 hac
766 1879 1042 1981 uniuscuiusque
1058 1889 1365 1976 demonstratione,

188 2015 230 2063 eo
256 1994 333 2083 ipso
358 1994 448 2086 quod
473 1996 664 2084 propositio
680 1995 860 2065 Ecclesiae
876 1995 1011 2064 nullam
1027 1996 1132 2066 habet
1149 1997 1367 2067 authentiam

189 2102 497 2191 supernaturalem
521 2108 556 2171 et
579 2104 869 2193 ex'promissionc
884 2102 1021 2172 Christi
1045 2104 1281 2190 infallibilem,
1307 2107 1367 2176 sed

191 2211 239 2280 ad
264 2234 434 2278 summum
454 2213 701 2281 auctoritatem
719 2212 906 2280 humanam
923 2216 958 2280 et
974 2211 1190 2282 historicam.
1218 2214 1287 2282 Ubi
1311 2214 1366 2283 de-

189 2318 277 2389 inde
300 2319 414 2407 gradu
439 2320 589 2388 secundo
612 2343 653 2387 ex
677 2322 829 2409 paritate
852 2320 1003 2389 rationis
1030 2342 1051 2388 a
1074 2320 1230 2410 singulis
1253 2322 1366 2391 eodem

191 2426 292 2493 modo
316 2426 545 2494 examinanda
568 2433 604 2495 et
627 2427 815 2496 iudicanda
831 2428 901 2496 crit
923 2428 1086 2497 doctrina
1101 2427 1364 2518 Apostolorum,

191 2533 308 2623 ipsius
323 2532 457 2602 Christi
474 2540 510 2602 at
527 2535 712 2604 universae
729 2535 946 2625 Scripturas,
973 2558 1013 2604 ac
1029 2516 1168 2604 tandem
1185 2536 1367 2607 devenien-

194 2642 278 2709 dum
300 2642 343 2710 ad
360 2643 474 2710 omnia
491 2643 655 2732 dogmata
678 2666 740 2734 pro
756 2644 872 2712 lubitu
887 2642 1059 2733 neganda;
1087 2646 1209 2736 quain
1225 2645 1286 2727 via
1301 2645 1364 2714 isti

196 2751 405 2820 «veternosi
429 2751 626 2820 catholicin
652 2773 759 2820 cursu
784 2751 889 2820 etiam
914 2751 1085 2837 celeriori,
1112 2774 1214 2844 quam
1239 2754 1320 2823 olim
1345 2764 1389 2823 a'

194 2844 480 2927 Protestantibus
496 2861 629 2928 factum
646 2861 767 2944 fuerit,
786 2861 855 2927 iam
873 2859 1076 2949 longissime
1091 2863 1270 2950 progressi
1283 2868 1367 2932 sunt

197 2969 381 3036 secundum
400 2989 439 3035 ea
460 2990 547 3058 quae
563 2968 698 3052 dicunt,
726 2968 817 3035 forte
833 2966 938 3035 etiam
954 2966 1096 3056 longius
1120 2969 1309 3038 secundum
1325 2993 1365 3040 ea

196 3096 283 3165 quac
306 3074 466 3142 sentiunt
482 3077 545 3161 (1).

261 3183 358 3264 Quae
382 3204 458 3250 oum
484 3182 536 3249 ita
560 3181 650 3266 sint,
682 3181 866 3270 repudiato
894 3182 965 3248 iam
995 3181 1169 3272 principio
1193 3183 1365 3254 catholico

197 3288 434 3373 Traditionis,
465 3310 532 3354 non
557 3287 676 3376 magni
700 3287 863 3356 momenti
885 3310 947 3356 nec
971 3289 1268 3378 operaepretium
1292 3314 1365 3360 esse

197 3399 336 3468 videtur
360 3420 420 3487 pro
445 3398 526 3467 istis
554 3398 804 3467 neohacreticis
827 3398 1006 3490 inquirere
1031 3398 1365 3492 doctrinamEccle·

196 3509 267 3576 siae
290 3505 465 3574 aetatibus
487 3507 783 3576 antecedentibus.
810 3508 982 3599 Quisquis
1002 3506 1092 3575 enim
1116 3530 1219 3596 penes
1243 3508 1365 3577 Patres

197 3638 380 3686 consensus
404 3614 603 3704 reperiatur
627 3639 648 3684 a
670 3615 720 3683 II.
740 3624 849 3708 usque
873 3617 917 3684 ad
941 3616 1005 3684 IX.
1026 3615 1214 3702 saeculum,
1242 3617 1274 3684 is
1296 3640 1364 3685 non

264 3850 306 3926 (1)
324 3856 380 3907 Ille
402 3854 452 3922 qui
472 3871 501 3908 se
521 3872 578 3909 non
598 3859 686 3909 solum
706 3873 766 3910 cum
785 3858 933 3922 Langenio
955 3857 1202 3924 «Professorem‚n
1218 3855 1366 3911 scdomui·

196 3959 230 3997 no
251 3945 446 4010 «Episcopum
469 3947 665 3999 catholicumo
687 3945 832 4012 inscribit,
853 3946 996 3998 Hubertus
1011 3946 1157 3999 Reinkens
1177 3947 1208 3998 in
1232 3947 1366 4000 «littoris

196 4033 416 4102 pastoralibus»
439 4037 471 4087 11
485 4034 609 4101 Augusti
625 4037 693 4088 1873
715 4035 801 4102 datis,
824 4050 918 4087 omnes
940 4050 996 4102 cos,
1020 4035 1070 4101 qui
1091 4040 1228 4088 “veteres
1247 4038 1366 4090 catholi·

197 4141 241 4178 cos
254 4146 272 4200 o
287 4125 511 4192 reprehendunt,
529 4125 602 4193 quod
624 4143 708 4177 auco
728 4127 795 4178 sotio
814 4129 898 4191 lotape
916 4124 1173 4193 progrediantur»,
1194 4126 1313 4194 invitat,
1335 4130 1367 4179 ut

197 4216 312 4282 ipsimet
332 4218 425 4267 sectae
444 4215 579 4268 accedant
597 4220 626 4268 et
644 4215 727 4269 duces
746 4233 775 4268 se
794 4215 950 4282 praebeant
971 4213 1029 4266 aad
1047 4216 1161 4280 longius
1181 4215 1365 4283 progredien-

199 4303 261 4357 dum
274 4327 299 4374 o,
321 4308 420 4373 utique
440 4309 552 4358 retenta
567 4306 683 4359 interim
698 4304 796 4373 phrasi
811 4306 865 4375 illa
880 4303 996 4369 vulgari
1017 4306 1139 4359 omnium
1160 4310 1308 4372 sectarum,
1328 4305 1364 4357 ad

198 4393 434 4461 progrediandum
455 4409 622 4462 «quousque
642 4393 760 4448 deducet
779 4394 900 4462 spiritus
919 4395 983 4446 Iesu
997 4413 1022 4448 o.
