3120 4988
643 360 680 375 ..
704 327 740 390 13
762 360 798 374 -

135 441 259 528 dogma
283 436 495 507 catholicum
518 436 559 503 de
583 433 800 522 processione
816 454 837 500 a
851 434 973 516 Patre,
999 441 1041 502 ut
1064 435 1169 501 Pater
1191 431 1304 520 spira·

135 548 227 617 tione
254 570 361 614 unum
392 552 448 613 est
479 566 554 612 cum
578 542 693 625 Filio,
720 541 891 610 contineri
918 542 955 608 in
978 542 1067 630 ipsis
1092 539 1300 629 Scripturis;

132 656 285 744 adeoque
311 654 375 721 boc
398 675 473 720 esse
497 674 605 719 unum
628 673 670 717 ex
694 649 770 716 illis
794 650 970 738 capitibus
993 649 1188 730 doctrinae,
1215 669 1302 738 quae

132 786 199 830 non
224 763 261 830 iu
279 760 489 849 Scripturis,
509 759 567 826 sed
586 757 844 848 praedicatione
860 757 1046 825 dumtaxat
1061 763 1097 823 et
1113 755 1303 824 traditione

131 870 323 962 apostolica
335 868 513 937 Ecclesiae
530 868 738 956 consignata
755 887 795 935 ac
811 888 872 955 per·
885 865 1102 932 saeculorum
1119 863 1302 932 decursum
1324 937 1327 943 ,

132 984 196 1047 sub
221 976 406 1045 infallibili
432 976 632 1063 magisterio
657 974 844 1055 custodita,
864 980 967 1064 atque
985 980 1062 1061 post
1087 979 1197 1068 ortam
1224 993 1301 1038 con·

128 1086 339 1154 troversiam
367 1083 607 1171 «diligentius
630 1083 775 1164 credita,
793 1081 988 1148 instantius
1003 1081 1215 1171 praedicata,
1234 1081 1303 1149 sol-

132 1193 270 1261 licitius
293 1190 433 1259 exculta
456 1197 551 1257 sunt.
569 1217 584 1249 n
604 1189 645 1255 In
670 1189 727 1256 his
751 1213 834 1257 vero
850 1190 937 1277 ipsis
953 1189 1168 1257 documentis
1192 1191 1301 1258 tradi-

132 1300 241 1368 tionis
265 1296 485 1366 consulendis
510 1303 696 1385 seponatur
720 1297 858 1364 tandem
881 1297 1071 1388 aliquando
1096 1321 1214 1367 crassa
1238 1299 1302 1367 illa

133 1408 207 1475 sive
231 1407 332 1473 fraus
356 1405 432 1471 sive
456 1404 626 1486 stultitia,
653 1426 722 1494 qua
745 1404 909 1472 Photiani
932 1414 1140 1474 coacervant
1164 1416 1302 1474 senten·

133 1515 203 1582 tias
217 1516 359 1582 Patrum
373 1520 409 1580 et
420 1512 654 1582 conciliorum
667 1520 877 1580 attestantes
886 1516 1131 1601 processionem
1145 1537 1167 1579 c
1178 1515 1299 1598 Patre,

133 1625 173 1692 de
196 1647 267 1715 qua
289 1623 389 1690 nulla
412 1630 466 1690 est
489 1623 739 1704 controversia,
759 1627 796 1688 et
815 1643 855 1689 ea
879 1622 953 1689 sola
977 1632 1198 1693 monumenta
1215 1646 1302 1717 quae

133 1732 271 1800 adrem
302 1732 499 1820 pertinent,
525 1732 620 1798 inter
651 1753 687 1797 se
710 1739 955 1820 comparentur
985 1731 1054 1818 (1),
1081 1742 1302 1801 monumenta

133 1845 273 1933 inquam
297 1841 508 1931 affirmantia
524 1846 766 1929 processionem
782 1864 803 1905 c
820 1841 915 1908 Filio
929 1863 1015 1933 quae
1033 1850 1117 1908 sunt
1134 1842 1297 1931 plurima,

32 1936 35 1939 ⁵
135 1949 188 2018 vel
212 1949 353 2017 eandem
377 1952 558 2038 capaneia,
583 1971 672 2041 quae
696 1949 819 2016 saltem
844 1950 986 2017 testium
1010 1949 1152 2018 aliunde
1184 1951 1301 2018 ortho-

135 2057 298 2125 doxorum
323 2079 432 2146 usque
456 2056 500 2124 ad
524 2057 696 2125 Photium
721 2057 995 2145 nullaproferri
1018 2066 1184 2146 possunt,
1211 2058 1301 2148 quod

133 2167 169 2233 in
185 2166 356 2250 Tractatu
381 2172 499 2233 nostro
524 2166 612 2232 satis
635 2166 963 2234 demonstravimus.
981 2166 1031 2233 At
1047 2167 1209 2258 quoniam
1229 2188 1299 2235 cer·

135 2275 306 2344 tissimum
329 2279 395 2359 est,
421 2273 670 2343 revelationem
695 2273 736 2341 de
761 2274 899 2364 Spiritu
922 2276 1126 2363 procedente
1144 2300 1163 2343 a
1180 2276 1298 2360 Patre,

134 2395 167 2450 et
188 2383 284 2451 Filio
308 2384 344 2450 in
369 2381 456 2471 ipsis
486 2383 701 2471 evangelicis
725 2389 761 2450 et
784 2383 984 2472 apostolicis
1016 2383 1159 2472 scriptis
1190 2384 1299 2451 consi·

134 2502 273 2581 gnatam
286 2493 433 2580 reperiri
443 2491 577 2578 (Tract.
590 2491 1185 2580 Tb.XXXII-XXXIV.),nuncque
1201 2491 1300 2560 nobis

133 2599 296 2670 habemus
313 2599 525 2690 propositum
541 2600 722 2669 cuniculos
739 2608 915 2668 tortuosos
933 2601 1044 2667 nostri
1061 2599 1209 2668 Macarii
1226 2622 1301 2689 per·

133 2709 247 2798 sequi;
274 2707 510 2778 examinemus
540 2711 713 2793 rationes,
739 2711 865 2802 quibus
890 2710 964 2800 ipse
988 2710 1180 2785 doctrinam
1206 2708 1299 2776 Scri-

133 2826 317 2906 pturarum
340 2817 383 2885 ad
414 2816 517 2884 illum
549 2841 649 2886 suum
681 2841 819 2886 sensum
843 2817 1021 2886 missionis
1050 2829 1233 2907 separatae
1256 2816 1300 2883 ab

199 3016 244 3094 (l)
266 3040 278 3069 s
298 3020 433 3074 Salvator
452 3020 565 3089 quidem
585 3020 681 3087 dixit,
708 3023 758 3088 qui
777 3039 794 3073 c
812 3022 899 3074 Patre
919 3020 1071 3088 praesrtim
1097 3018 1172 3072 idem
1200 3021 1299 3072 sancta

132 3111 271 3178 concilia,
286 3111 361 3164 idem
380 3112 563 3165 “venerabiles
583 3113 683 3165 Patres
702 3112 823 3166 confessi
845 3115 923 3179 sunt,
945 3113 993 3165 hic
1011 3115 1105 3164 antem
1123 3109 1299 3163 convitiator

131 3201 277 3277 (Photius)
295 3200 438 3254 edocuisse
457 3201 525 3254 illos
545 3203 660 3268 asserit,
684 3201 758 3269 quod
778 3202 907 3256 indicare
936 3203 1092 3256 orationem
1120 3202 1294 3264 arbitratur,

132 3292 245 3344 scilicet
263 3292 313 3358 qui
332 3309 349 3343 c
367 3292 454 3343 Putre
471 3295 530 3345 solo
544 3293 820 3358 procedit...Ncn
850 3293 924 3346 idern
953 3293 1119 3358 significant
1145 3291 1198 3344 hac
1228 3290 1298 3343 dnae

132 3382 287 3436 orationes:
302 3382 353 3448 qus·
372 3400 389 3434 a
407 3383 492 3434 Patre
500 3383 638 3452 procedit·
653 3384 748 3450 etqui
763 3402 779 3434 a
794 3384 881 3434 Patre
892 3385 951 3436 scio
961 3383 1090 3450 procedit
1104 3421 1111 3435 .
1127 3420 1134 3434 .
1153 3424 1159 3436 .
1174 3380 1297 3433 Nothum

132 3473 242 3540 quidem
264 3473 380 3535 videtur
399 3475 591 3541 Latinisque·
609 3491 626 3526 a
645 3475 730 3526 Patre
748 3476 807 3527 solo
817 3473 955 3540 prosodia·
970 3473 1085 3526 nothum
1102 3487 1170 3525 vero
1183 3471 1298 3523 Graecis

131 3562 182 3635 qui
200 3579 218 3613 a
237 3562 323 3613 Putre
341 3570 367 3614 st
386 3563 474 3626 Filio,
490 3579 522 3616 so
542 3563 615 3631 quod
635 3572 764 3618 neutrum
784 3564 814 3615 in
835 3564 1004 3628 Evangeliis
1024 3562 1160 3628 scriptun
1174 3559 1296 3626 reperia-

131 3653 188 3703 tur.
203 3652 308 3704 Verum
327 3651 369 3704 sic
388 3654 519 3719 opposita
539 3659 616 3720 sunt,
632 3658 664 3706 nt
682 3655 804 3705 alterum
825 3654 937 3720 quidem
957 3652 1071 3719 ducrum
1092 3651 1132 3703 sit
1151 3665 1249 3703 verum
1263 3661 1302 3704 ex'

129 3741 309 3807 necessitate,
324 3742 444 3796 alterum
464 3758 532 3797 vero
551 3759 617 3795 nou.
633 3742 687 3796 Sed
700 3760 734 3796 ex
749 3744 825 3796 Filio
844 3743 956 3810 quidem
970 3739 1128 3810 procedere,
1143 3740 1298 3807 scripturis

129 3837 268 3884 consonat
286 3837 315 3884 et
333 3832 497 3899 concordat,
524 3838 554 3886 et
572 3849 662 3901 neque
682 3833 856 3886 contrarium
875 3833 922 3886 vel
942 3847 1105 3900 repugnans
1125 3831 1293 3896 invenitur,

126 3927 294 3987 quamquam
314 3920 344 3971 in
364 3919 484 3984 synodis
507 3917 844 3992 (constantinopolitana
870 3927 899 3975 et
924 3921 993 3973 aliis
1017 3921 1209 3973 recitantibus
1235 3920 1296 3971 sius

128 4004 299 4078 symbolum)
319 4025 482 4076 expressum
502 4027 557 4062 non
578 4011 627 4065 sit.
644 4013 758 4064 Etenim
778 4013 896 4079 quisque
915 4013 1103 4064 Romanorum
1127 4009 1295 4064 Pontificum

128 4098 177 4164 qui
197 4098 322 4163 synodos
341 4099 592 4154 sanctificaverunt
611 4101 912 4188 etconflrmaverrprt,
938 4115 1048 4169 semper
1078 4102 1130 4154 hoc
1161 4100 1238 4153 dixit
1266 4100 1295 4150 ct

127 4187 343 4266 dogmatizavit.
364 4189 440 4254 Quos
459 4190 573 4257 quidem
593 4191 690 4258 ntique
710 4192 896 4257 Athanasius,
911 4191 1047 4257 Basilius,
1069 4191 1205 4258 cyrillus,
1230 4204 1294 4242 san·

129 4283 289 4345 ctcrumque
308 4280 413 4347 reliqui
432 4281 584 4334 manifeste
604 4283 694 4335 secuti
713 4287 796 4349 sunt,
820 4287 970 4350 propterea
990 4298 1021 4335 sa
1039 4282 1118 4335 Filio
1137 4282 1245 4334 sentire
1264 4281 1295 4332 et

130 4366 223 4421 dicero
243 4367 368 4421 debiturn
394 4373 466 4423 esen
493 4371 575 4435 ungo
594 4372 769 4426 Etherianus
788 4377 880 4426 contr.
901 4371 999 4426 Graec.
1014 4375 1034 4427 l.
1049 4373 1088 4447 11,
1103 4371 1194 4433 aut.
1215 4369 1293 4424 Bibl.

131 4457 565 4529 ttsx.1²1>.'t.xx11.p.1aea.
1307 4445 1308 4448 '
