3120 4988
715 317 753 332 -
776 285 833 349 itt
854 318 891 332 ·-

214 391 346 461 tionem
370 397 517 462 naturae
540 413 561 460 a
583 392 677 462 Filio
700 393 794 461 sicut
816 415 837 460 a
859 392 995 462 Patre?
1018 390 1226 463 continetur
1246 415 1289 482 ,ea
1314 399 1389 463 tum
1419 460 1420 464 ,

216 502 256 569 in
283 502 539 592 significatione
564 502 714 571 unitatis
738 500 784 569 od
807 501 942 572 Filium
955 551 966 586 ,
990 511 1065 572 tum
1090 504 1390 574 consentientibus

215 611 353 679 Basilio
374 611 525 703 aliisque
548 611 727 694 Patribus,
753 613 791 679 iu
814 633 853 680 eo
877 611 968 702 quod
993 613 1216 700 praedicatur
1234 616 1390 701 Spiritus

218 719 368 799 Christi,
381 720 535 808 Spiritus
556 718 727 800 ueritatis,
742 741 802 787 seu
820 728 860 786 ut
876 718 962 786 alibi
980 742 1000 785 a
1015 718 1150 786 Basilio
1173 721 1386 807 audivimus,

219 856 238 894 ιι
254 828 394 894 Verbum
418 841 450 894 et
473 851 563 894 mens
587 826 722 898 Christi
744 812 834 893 sicat
857 840 889 893 et
912 828 1067 915 Spiritus
1090 828 1200 905 Doti
1226 830 1388 918 quoniam

216 935 446 1025 exsuperius
474 935 723 1004 demonstratis
757 933 916 1003 Basilius
945 935 1120 1026 ceterique
1151 934 1274 1004 Patres
1299 936 1389 1004 hanc

215 1044 429 1113 locutionem
453 1042 657 1132 Scripturas
681 1045 836 1133 Spiritus
859 1044 939 1123 Dei,
965 1045 1121 1132 Spiritus
1138 1044 1231 1110 Filii
1255 1067 1388 1133 semper

216 1151 397 1241 accipiunt
420 1153 456 1220 in
473 1152 732 1241 significatione
748 1153 898 1221 relativa
914 1152 1064 1242 originis
1079 1153 1213 1239 (confer
1229 1144 1390 1243 superins

216 1258 329 1326 citata
351 1281 392 1325 ex
417 1259 442 1327 l.
458 1259 505 1326 ΙΙ.
526 1284 560 1328 n.
581 1259 636 1327 34.
652 1268 745 1328 cont.
761 1260 940 1346 Eunom.).

179 1351 186 1371 ¹
283 1367 319 1436 2⁰
341 1367 395 1435 Ex
417 1368 588 1457 Greporio
612 1368 764 1456 Npsseno
792 1369 913 1437 itidem
945 1368 1013 1437 duo
1045 1367 1246 1436 testimonia
1273 1368 1389 1437 Maca-

216 1474 295 1545 rius
317 1476 446 1560 adfert,
473 1477 600 1567 quibus
621 1476 751 1545 diserte
775 1475 899 1566 negari
923 1475 1011 1546 dicit
1032 1478 1286 1616 processionem
1309 1473 1388 1568 Spi-

215 1585 312 1654 ritus
336 1606 357 1650 a
379 1584 485 1654 Filio.

179 1730 183 1736 ·
285 1693 498 1779 o)Priorem
534 1691 646 1763 locum
682 1691 722 1778 (1.
749 1692 887 1761 advers.
911 1689 1062 1762 Graecos
1087 1691 1129 1759 de
1149 1684 1386 1763 communibus

216 1800 418 1870 notionibus
441 1800 561 1890 Migne
584 1801 626 1869 Τ.
644 1799 754 1869 XLV.
783 1824 818 1889 p.
845 1798 940 1885 179.)
973 1798 1071 1888 ponit
1100 1798 1179 1868 heic
1202 1799 1238 1867 in
1263 1805 1391 1890 quarta

216 1908 426 1996 nunciasse,
453 1911 512 2002 qui
537 1917 651 1979 tamen
678 1909 870 1999 pertineret
891 1910 934 1977 ad
959 1908 1104 1977 classem
1129 1909 1205 1978 eins
1230 1910 1386 1995 tertiam,

218 2041 294 2088 cnm
319 2019 355 2086 in
383 2040 422 2088 eo
455 2025 556 2089 textu
591 2018 684 2086 nihil
718 2040 861 2108 prorsus
896 2018 1118 2087 contineatur
1152 2006 1250 2087 alind
1284 2039 1386 2109 quam

219 2127 378 2199 doctrina
402 2125 587 2211 catholiea,
614 2126 752 2195 Patrem
776 2147 850 2194 esse
879 2124 1090 2214 principium
1121 2124 1268 2192 duarum
1300 2125 1387 2194 alia·

218 2256 294 2304 rum
321 2254 555 2324 personarum,
573 2231 661 2302 Filii
685 2233 827 2325 inquam
851 2240 887 2301 et
910 2230 1066 2322 Spiritus
1091 2228 1231 2316 Sancti,
1258 2232 1389 2325 hasque

222 2364 296 2411 asse
319 2364 341 2408 a
363 2342 469 2411 Patre
493 2351 534 2410 ut
549 2363 570 2408 a
586 2342 760 2432 principio
784 2341 895 2409 totius
918 2340 1076 2424 deitatis,
1103 2341 1389 2432 quemadmodum

220 2449 288 2520 PP.
309 2447 503 2541 loquuntur
518 2460 554 2517 et
569 2448 606 2515 in
631 2448 710 2540 ipsa
725 2447 933 2518 Florentino
955 2448 1155 2518 delinitione
1172 2449 1387 2518 declaratum

217 2564 283 2630 est.
309 2557 429 2649 Neque
453 2579 535 2627 vero
558 2556 770 2647 gentilibus,
796 2557 923 2649 quibus
947 2550 1141 2647 Gregorius
1158 2558 1314 2648 scripsit,
1331 2557 1389 2628 de·

215 2667 356 2737 clarere
394 2689 479 2758 opus
512 2675 613 2754 erat,
652 2667 819 2759 quomodo
848 2666 1006 2757 Spiritus
1041 2667 1192 2736 Sanctus
1225 2687 1247 2734 a
1280 2670 1385 2738 Patre

214 2774 395 2865 procedat.
420 2775 494 2843 Hoc
518 2774 712 2845 clarissime
736 2775 908 2865 explicuit
932 2775 1086 2844 scribens
1110 2776 1281 2843 adversus
1305 2775 1385 2844 hae·

191 2885 347 2977 *reticos
371 2892 409 2952 et
439 2883 623 2954 catholicis
650 2901 824 2973 exponens
854 2885 1082 2974 oeconomiam
1104 2881 1167 2952 SS.
1192 2883 1385 2954 Trinitatis

213 2992 365 3063 inlocis
389 2992 550 3082 superius
581 2993 724 3061 anobis
755 2992 888 3061 citatis.
925 2991 1022 3075 Quae
1054 2991 1084 3059 si
1113 2992 1273 3061 conferas
1303 3014 1383 3062 cum

214 3102 380 3172 hocloco
407 3102 578 3170 adversus
609 3100 759 3192 gentiles
791 3101 943 3190 scripto,
969 3100 1106 3169 videbis
1131 3100 1384 3190 processionem

215 3211 374 3300 Spiritus
406 3232 429 3276 o
461 3211 570 3279 Patre
600 3234 664 3300 per
695 3208 830 3277 Filiam
866 3208 971 3276 etiam
1000 3209 1058 3278 hic
1090 3209 1295 3279 indicatam.
1330 3209 1388 3280 Ad
1456 3213 1458 3215 ’

216 3319 473 3411 explicandum,
500 3319 666 3411 quomodo
690 3316 943 3408 philosophicis
966 3317 1167 3385 notionibus
1191 3339 1259 3385 non
1289 3339 1409 3405 repu-¹

219 3436 303 3518 gnet
324 3451 433 3495 unum
456 3427 566 3495 Deum
592 3426 705 3493 dicere
728 3435 764 3493 et
781 3433 854 3493 tres
872 3446 1047 3513 personas,
1063 3423 1256 3514 Gregorius
1273 3423 1390 3493 utitur

218 3538 379 3610 doctrina
395 3537 460 3606 illa
476 3536 668 3618 Platonica,
695 3535 882 3604 secundum
900 3555 1000 3624 quam
1018 3532 1122 3599 etiam
1140 3531 1226 3600 alibi
1246 3532 1290 3599 ab
1313 3533 1389 3621 ipso

218 3648 410 3739 expositam
436 3652 572 3727 censet,
598 3644 759 3727 Petrum,
785 3641 953 3719 Paulum,
982 3639 1180 3708 Barnabam
1204 3661 1272 3706 non
1296 3650 1391 3708 recte

216 3758 273 3828 sed
300 3753 468 3822 abusione
492 3753 639 3843 quadam
663 3750 734 3820 dici
760 3761 827 3814 tres
852 3750 1013 3827 homines,
1031 3767 1107 3815 cum
1132 3745 1202 3815 dici
1225 3746 1391 3816 deberent

211 3877 284 3933 tres
307 3873 529 3952 personaret
553 3883 640 3926 unas
663 3858 772 3940 homo,
796 3857 956 3949 quoniam
974 3878 1043 3923 una
1059 3864 1094 3924 et
1110 3877 1177 3921 non
1203 3853 1389 3944 multiplex

205 3983 268 4044 est
287 3970 492 4039 humanitas
510 3967 607 4057 (ride
625 3966 744 4036 Tract.
761 3966 803 4034 de
820 3965 919 4043 Trio.
936 3963 1001 4032 rh.
1017 3963 1083 4033 IX.
1098 3960 1290 4047 Scholion).
1320 3962 1388 4031 Ve-

197 4085 424 4162 rumtamen,
450 4077 514 4160 ait,
542 4099 608 4143 non
631 4077 748 4144 deesse
772 4074 937 4157 rationes,
957 4095 1019 4140 cur
1043 4073 1173 4139 abusus
1198 4070 1259 4140 ille
1283 4091 1387 4140 voca·

194 4183 304 4274 buli,
332 4210 400 4281 quo
419 4187 526 4252 molti
550 4187 698 4251 homines
721 4182 843 4250 dicunt
829 4190 913 4266 t,ur
947 4177 1154 4268 reddatar
1141 4181 1385 4264 memorius,

192 4299 300 4393 quia
325 4316 444 4383 nempe
469 4292 699 4360 hominest
646 4314 681 4359 ιιι
685 4299 739 4358 ter
762 4309 798 4356 se
822 4288 906 4357 licet
929 4309 998 4354 non
1022 4263 1162 4371 natira,
1188 4285 1310 4354 multis
1334 4293 1388 4352 ta·

189 4420 294 4477 hieu
318 4401 595 4472 accidentalibus
619 4399 890 4488 distinguuntur
911 4419 952 4468 ao
975 4395 1160 4466 differunt.
1185 4393 1269 4463 At
1259 4416 1296 4461 in
1312 4395 1384 4465 Dec

281 4542 444 4600 fossarum,
461 4542 497 4589 Da
512 4550 624 4599 process.
640 4536 750 4599 Spiritus
766 4533 861 4584 sancti.
1263 4529 1294 4581 10
