3120 4988
663 329 701 344 ..
722 297 741 359 9
762 331 800 345 -

217 409 253 491 c)
274 403 329 472 Ex
345 427 446 494 scopo
462 405 643 473 orationis.
661 403 825 474 Christus
842 405 1010 474 Dominus
1027 407 1147 475 docuit
1163 408 1228 476 hcc
1242 407 1318 477 loco

38 599 39 602 Ἴ
150 512 376 581 divinitatem
401 512 557 603 Spiritus
581 513 715 596 Sancti,
741 535 825 601 ergo
845 515 1018 601 processio
1041 536 1062 581 a
1086 514 1190 583 Patre
1213 515 1316 585 intel·

149 618 220 708 ligi
243 620 345 689 debet
366 627 520 690 aeterna.
546 620 596 688 At
612 620 773 713 quamvis
790 644 910 689 verum
926 623 975 689 sit
989 622 1207 707 antecedens,
1227 624 1318 716 quod

149 735 266 797 tamen
280 726 385 817 louge
401 729 492 796 aliis.
506 728 860 796 demonstrationibus
877 728 1072 814 conficitur,
1092 753 1194 822 quam
1211 754 1231 798 a
1246 731 1319 800 Ma·

151 838 247 905 cario
269 837 321 905 ibi
344 837 533 926 productae
556 836 647 921 sint;
674 835 755 903 inde
771 815 982 904 soldmmcdo
998 839 1167 927 probatur
1183 841 1320 909 cccccc-

150 943 372 1009 stcctialitcs
397 943 555 1033 Spiritus
579 943 701 1011 Sancti
725 966 802 1011 cum
826 944 931 1013 Patre
955 947 1018 1032 (1),
1040 946 1244 1016 nullatenus
1259 973 1320 1019 an-

149 1058 220 1120 tem
245 1050 429 1136 (admissis
454 1051 638 1141 principiis
671 1051 877 1135 Plotianis)
901 1054 1128 1144 consequitur
1150 1061 1320 1145 processio

151 1173 315 1236 oetam,-
337 1181 378 1227 ac
401 1159 544 1248 proinde
579 1159 644 1228 hcc
668 1167 874 1248 argumento
898 1161 1063 1229 Photiani
1093 1165 1238 1253 probare
1262 1191 1323 1235 ne··

152 1275 298 1361 queunt,
317 1269 371 1333 bic
394 1268 518 1349 cubis,
534 1267 623 1359 aqui
644 1289 665 1334 a
681 1268 785 1336 Patre
808 1270 998 1358 proceditpr
1018 1271 1115 1340 aliud
1132 1272 1203 1342 dici
1218 1296 1320 1365 quam

154 1377 312 1467 Spiritus
336 1376 646 1446 consubstantialis
677 1377 873 1445 missionem
896 1385 933 1446 et
955 1379 1205 1468 processionem
1237 1388 1320 1449 tem-

153 1485 328 1575 porariam
352 1484 396 1552 ad
419 1483 700 1567 sanctificandos,
719 1483 887 1552 docendos
903 1492 938 1552 et
954 1487 1205 1555 confirmandos
1229 1488 1321 1578 Apo

153 1593 274 1661 stolos.
293 1591 402 1659 Probe
425 1599 543 1679 autem
564 1590 786 1674 advertatur,
805 1593 1042 1680 quaestionem
1056 1617 1147 1664 nuno
1163 1617 1231 1662 non
1247 1619 1321 1666 esse

155 1701 360 1784 universim,
385 1720 431 1766 an
454 1699 502 1766 sit
521 1705 558 1767 et
580 1697 671 1766 unde
694 1698 743 1765 sit
759 1696 916 1787 Spiritus
940 1697 1062 1767 Sancti
1086 1710 1228 1769 aeterna
1245 1725 1323 1792 pro-

155 1810 283 1895 cessio;
310 1808 369 1876 sed
401 1806 556 1899 quaestio
587 1812 660 1889 est,
686 1814 804 1873 utrum
839 1828 879 1873 ea
904 1806 993 1872 bisce
1021 1808 1157 1890 cerdis,
1185 1811 1323 1900 aquia

155 1920 260 1986 Patre
290 1916 462 2005 procedit,
480 1941 497 1976 n
534 1915 802 1982 demonstretur.
828 1913 990 1982 Profecto
1021 1913 1052 1980 si
1087 1915 1253 1983 Photiani
1285 1918 1322 1984 in

157 2026 272 2114 verbis
296 2025 450 2106 Christi,
478 2025 538 2092 ubi
560 2025 670 2091 tertia
703 2044 849 2112 persona
873 2023 1005 2092 dicitur
1029 2023 1144 2091 omnia
1167 2007 1344 2113 accipere

155 2156 176 2201 a
199 2132 362 2216 secunda,
380 2131 473 2200 nihil
488 2130 585 2199 aliud
609 2130 789 2220 reperiunt
806 2152 907 2221 quam
921 2131 1324 2200 consubstantialitatem

156 2251 192 2311 et
214 2241 466 2332 processionem
489 2247 746 2329 temporaneam
770 2239 876 2307 istius
900 2240 1027 2307 tertiae
1050 2262 1215 2327 personae
1236 2262 1325 2309 ase-

158 2354 290 2439 cunda,
316 2351 426 2428 mul-tc
449 2349 564 2445 adhuc
595 2347 738 2416 facilius
773 2348 836 2415 hoc
871 2345 962 2414 idem
989 2357 1024 2414 et
1047 2347 1139 2416 nihil
1171 2349 1324 2438 amplius

157 2459 378 2548 intelligetur
408 2457 444 2524 in
475 2456 614 2539 verbis,
643 2454 735 2556 cqui
767 2453 916 2522 aPatre
946 2454 1152 2543 procedit3n
1185 2455 1325 2524 dicetur

159 2569 323 2636 nimirum
346 2589 368 2634 a
391 2568 495 2635 Patre
518 2564 702 2655 procedere
726 2564 762 2631 in
786 2556 986 2653 Apostolos.

222 2677 274 2744 Re
297 2685 414 2743 autem
438 2695 523 2745 vera
546 2671 877 2764 SpiritussSanctus
908 2671 1134 2740 aeternaliter
1168 2673 1327 2761 procedit

161 2788 200 2850 ut
223 2781 366 2862 docum,
392 2781 675 2873 quemadmodum
698 2781 821 2848 Patres
845 2778 1080 2875 characterem
1110 2779 1187 2849 eius
1211 2802 1324 2870 perso·

158 2891 269 2958 nalem
293 2890 507 2974 describunt,
533 2912 611 2956 cum
635 2888 805 2956 relatione
829 2888 874 2955 ad
897 2893 1000 2955 extra
1023 2887 1058 2954 h.
1079 2909 1109 2956 e.
1128 2889 1169 2953 ad
1191 2908 1324 2976 proces·

159 2999 286 3066 sionem
311 3020 372 3066 seu
396 2997 594 3064 missionem
618 2996 655 3063 in
679 3004 832 3083 tempore
848 2997 917 3080 ¹(cf.
939 2994 1006 3062 Th.
1024 2992 1197 3062 XXXIII.
1214 2993 1323 3081 n.1.);

159 3127 197 3174 ac
220 3113 404 3196 propterea
427 3105 465 3172 in
489 3103 685 3194 Scripturis
708 3102 883 3192 processio
907 3089 1057 3193 utraque
1082 3123 1215 3190 semper
1239 3124 1327 3170 com·

158 3214 259 3303 plexa
281 3219 357 3298 est,
383 3213 435 3281 ita
464 3219 505 3280 ut
535 3213 709 3302 processio
739 3217 883 3281 aeterna
911 3232 1088 3302 nunquam
1119 3209 1326 3278 exhibeatur

159 3322 233 3390 sine
256 3327 417 3411 respectu
441 3319 485 3389 ad
509 3317 718 3403 missionem,
734 3311 772 3388 ¹et
788 3318 873 3388 hacc
893 3319 991 3387 illam
1009 3341 1143 3408 semper
1167 3317 1328 3387 includat

154 3429 215 3500 'vel
238 3434 424 3519 supponat.
451 3429 540 3496 Dum
564 3451 648 3517 ergo
672 3429 836 3496 Photiani
854 3428 1103 3517 processionem
1120 3427 1156 3492 in
1175 3433 1327 3515 tempore

159 3538 307 3605 absurde
337 3550 499 3625 separant
521 3537 564 3603 ab
588 3548 748 3621 aeterna,
775 3534 881 3605 ctiam
912 3533 1002 3604 hanc
1025 3559 1067 3605 ex
1092 3533 1209 3605 verbis
1233 3532 1327 3602 Scri·

160 3655 282 3738 pturae
306 3647 452 3735 probare
475 3667 543 3711 non
566 3651 725 3733 possunt.

226 3754 260 3842 b)
284 3755 414 3822 Probat
435 3751 610 3822 Macarius
634 3761 810 3823 aeternam
835 3752 1087 3843 processionem
1111 3772 1132 3819 a
1155 3751 1328 3829 Patreex

229 3929 271 4028 (1⁹)
290 3957 366 4010 Haec
383 3972 429 4009 res
448 3956 536 4009 multo
555 3956 646 4020 magis
665 3955 816 4022 perspicua
834 3958 879 4008 cst
904 3970 937 4008 ex
966 3955 1078 4020 torma,
1104 3968 1159 4020 qus
1188 3949 1329 4005 Macarius

160 4051 361 4112 argumentum
376 4061 426 4112 pro
445 4051 561 4098 aeterna
580 4045 707 4111 Spiritus
727 4045 825 4097 Sancti
846 4045 1026 4111 processione
1046 4058 1062 4096 a
1080 4044 1167 4096 Patre
1180 4038 1328 4108 proponit.

162 4155 176 4183 a
194 4139 233 4190 hc
252 4137 379 4191 Sauvcur
397 4136 492 4204 ajoute
511 4135 595 4200 enfin,
612 4150 664 4200 que
683 4149 713 4185 ce
733 4133 919 4188 (tonsolateur
937 4138 954 4186 ὰ
972 4135 1079 4200 venir,
1107 4136 1152 4186 cet
1176 4131 1276 4198 Iisprit
1295 4128 1330 4181 de

161 4227 263 4295 ttrite,
278 4228 348 4278 u’est
361 4227 447 4292 point
464 4242 520 4278 cue
538 4225 672 4289 creature,
688 4225 760 4277 mais
779 4225 849 4293 qu'il
864 4224 981 4293 proceda
995 4224 1031 4276 du
1045 4225 1125 4290 Pera,
1141 4219 1329 4275 c’est-t-dire

162 4316 230 4384 qu’il
250 4333 267 4370 a
291 4316 435 4369 l'eternitb
461 4315 495 4369 de
521 4315 603 4380 Dteo,
628 4317 658 4367 ct
683 4313 755 4380 qa’il
781 4323 821 4367 act
839 4331 896 4380 por
921 4316 1089 4382 consequent
1112 4327 1169 4365 ccc
1191 4324 1332 4376 pascum

162 4402 297 4460 dirius».
