3120 4988
623 307 661 321 ..
683 275 722 338 29
743 307 780 322 ..

68 353 69 357 ¹
117 377 227 447 homo.
246 378 289 446 In
311 380 447 448 animas
469 381 562 450 enim
586 387 725 450 sanetas
749 403 787 450 se
811 382 996 465 transfert,
1029 384 1134 470 atque
1156 376 1287 449 amieos

116 484 178 552 Dei
202 494 237 553 et
261 487 449 576 prophetas
473 487 671 572 constituit,
691 489 784 556 siout
799 489 907 556 etiam
923 486 1048 576 implet
1070 492 1211 553 sanatos
1225 506 1286 552 an·

115 592 222 681 gelos,
242 599 278 661 et
300 593 414 662 omnia
439 594 580 662 talibus
595 594 806 664 ministeriis
829 615 984 683 congrua
1000 616 1063 683 per
1086 615 1144 661 eos
1168 613 1288 681 opera·

115 706 187 768 tur.
205 701 292 768 Cum
316 708 432 770 autem
448 703 546 771 venit
566 702 747 791 plenitudo
762 702 939 792 temporis,
960 702 1067 769 missa
1082 707 1137 769 est
1153 693 1290 789 (eadem
1392 744 1395 749 -

115 809 323 897 Sapientia),
343 833 411 877 non
437 818 478 879 ut
501 811 662 899 impleret
684 811 840 899 angelos,
857 833 921 878 neo
945 817 985 878 ut
1010 815 1101 876 esset
1125 809 1285 898 augelus,

113 916 183 984 nisi
206 917 244 983 in
269 924 439 1007 quantum
462 918 645 986 eonsilium
669 907 788 986 Patris
812 918 1059 1001 annuntiabat,
1079 917 1169 1006 quod
1193 921 1289 1003 (oon-

115 1022 250 1110 silium)
274 1031 311 1092 et
333 1025 448 1113 ipsius
471 1030 559 1112 erat;
578 1048 641 1093 neo
665 1030 707 1093 ut
730 1032 822 1094 esset
845 1048 922 1092 oum
947 1024 1146 1091 hominibus
1170 1024 1287 1093 autin

114 1131 324 1216 hominibus,
342 1134 407 1201 hoo
429 1134 522 1201 enim
545 1141 580 1202 et
595 1139 700 1202 antea
722 1134 759 1200 in
777 1134 938 1223 patribus
962 1141 997 1200 et
1013 1132 1209 1221 prophetis,
1230 1131 1288 1199 red

113 1255 149 1307 ut
172 1244 287 1329 ipsum
312 1242 453 1308 Verbum
483 1266 561 1307 earo
579 1243 693 1330 fieret,
720 1241 758 1308 id
782 1255 831 1309 ert
855 1243 949 1308 tomo
967 1241 1111 1329 fieret...
1139 1239 1195 1307 At
1220 1239 1285 1306 atto

101 1373 192 1439 ⁴erpo
216 1353 371 1416 mittitur
394 1352 461 1418 Dei
487 1351 638 1433 Verbum,
655 1355 750 1418 ouius
773 1365 822 1418 est
847 1349 1003 1431 Verbum·
1020 1349 1062 1415 ab
1087 1349 1151 1415 illo
1175 1349 1286 1413 mitti·

115 1475 183 1542 tur,
201 1459 242 1526 de
265 1484 331 1552 quo
354 1475 474 1526 motum
498 1463 685 1542 est,·mittit
708 1462 772 1550 qui
793 1461 928 1549 paruit,
944 1460 1100 1524 mittitur
1123 1456 1214 1549 quod
1229 1481 1285 1547 qe·

114 1570 226 1634 ritum
246 1583 309 1635 est.
331 1568 515 1636 nEandem
539 1568 662 1636 deinde
686 1570 785 1637 docet
809 1565 1054 1636 connexionem
1091 1566 1185 1634 inter
1208 1587 1288 1654 pro-

115 1676 308 1760 cessionem,
324 1684 359 1744 et
383 1677 579 1744 missionem
603 1675 761 1765 Spiritus
785 1675 908 1744 Sanoti
932 1696 954 1742 a
977 1675 1083 1742 Patre
1117 1680 1153 1742 et
1175 1673 1282 1742 Filio.

115 1784 207 1872 Aug.
228 1783 270 1850 de
293 1782 394 1850 Trin.
413 1783 437 1849 l.
453 1782 517 1853 IV.
536 1806 572 1853 n.
590 1782 714 1852 26-29.

178 1886 253 1959 Hae
276 1890 522 1980 limpidissima
547 1891 707 1960 doctrina
730 1890 846 1982 posita
869 1889 938 1957 iam
962 1888 1107 1959 evidens
1130 1895 1195 1973 est,
1221 1887 1288 1957 illa

115 1997 179 2066 duo
203 2006 268 2067 aut
291 2000 364 2067 tria
388 1999 599 2083 testimonia,
619 1999 655 2066 in
681 1999 807 2091 quibus
822 1997 939 2066 Filius
963 1996 1096 2064 dicitur
1120 1995 1286 2062 missnsa

116 2105 252 2196 Spiritu
276 2107 417 2194 Sanoto,
437 2107 595 2196 intelligi
618 2106 688 2175 alio
713 2108 809 2175 modo
834 2129 902 2173 non
926 2127 1025 2194 posse
1048 2102 1132 2189 uisi,
1159 2124 1286 2192 suppo·

116 2216 182 2284 sita
204 2214 469 2296 incarnatione,
495 2217 536 2283 de
560 2215 700 2283 Christo
728 2222 903 2307 quatenus
927 2214 1027 2281 homo
1050 2218 1126 2298 est;
1154 2234 1216 2280 sou
1240 2217 1282 2278 ut

116 2324 337 2412 Augustinus
353 2322 525 2414 loquitur,
548 2324 589 2391 de
607 2323 743 2390 homine
760 2324 865 2390 misso
880 2319 972 2414 puod
989 2320 1131 2390 Verbum
1141 2319 1282 2408 foetum

117 2446 173 2514 est,
191 2455 261 2498 non
283 2437 401 2499 autem
419 2433 459 2499 de
483 2431 597 2501 Verbo
614 2430 720 2517 misso
744 2446 782 2497 ut
799 2432 892 2497 tomo
910 2431 1023 2519 steret.
1041 2430 1090 2497 Et
1114 2450 1196 2496 sane
1210 2435 1285 2496 tex-

116 2544 170 2626 tus
194 2545 231 2607 et
254 2544 440 2606 contextus
465 2537 727 2626 seripturarum
752 2538 788 2607 id
812 2538 1009 2606 luculenter
1031 2540 1282 2606 demonstrant.

176 2646 219 2713 In
244 2646 319 2712 looo
344 2646 527 2735 prioriIs.
544 2646 712 2715 XLVIII.
733 2645 787 2714 16.
809 2675 825 2710 e
854 2645 1025 2713 Dominus
1048 2643 1146 2713 misit
1174 2665 1226 2711 me
1250 2650 1286 2712 et

116 2753 272 2842 Spiritus
285 2754 373 2836 eius,
387 2780 403 2815 n
415 2753 465 2842 (1)
481 2777 585 2822 sensu
601 2754 753 2822 litterali
770 2754 878 2824 verba
898 2759 983 2822 sunt
1001 2753 1087 2842 Cyri
1100 2750 1285 2819 liberantis

115 2861 277 2950 populum
301 2862 410 2932 Israbl
436 2863 479 2929 ab
503 2862 621 2946 exilio,
640 2855 683 2930 ut
698 2869 872 2951 putarunt
895 2858 1285 2950 CyrillusAlexandri-

114 2991 176 3061 nus
200 2969 254 3056 (iu
277 2969 326 3040 Is.
345 2969 370 3038 l.
389 2970 454 3038 IV.
472 2992 522 3037 or.
542 2969 575 3036 3.
594 2969 631 3036 in
656 2968 692 3036 h.
711 2970 754 3056 l.)
777 2970 920 3061 aliique.
950 2967 1238 3057 Quandoquidem
1263 2986 1285 3032 a

115 3101 163 3145 me
185 3079 259 3146 Deo
282 3100 364 3146 vero
388 3077 473 3146 haee
498 3082 600 3168 (quae
624 3085 886 3167 praecesseraut
920 3076 1193 3146 deliberatione
1223 3095 1284 3162 per

115 3184 271 3272 Cyrum),
289 3193 474 3274 antequam
498 3184 635 3267 fierent,
654 3186 832 3273 patefacta
857 3190 942 3252 suut
965 3183 1088 3267 vobis,
1118 3211 1134 3246 u
1165 3180 1283 3248 audito

115 3292 243 3380 Cyrum
267 3292 450 3360 dicentem:
467 3289 637 3358 Dominus
655 3292 750 3359 misit
774 3315 826 3359 me
850 3298 886 3359 et
903 3292 1061 3381 Spiritus
1085 3289 1161 3357 eius
1179 3315 1195 3350 n
1214 3288 1282 3376 Cy·

115 3399 184 3467 rill.
202 3399 230 3468 1.
250 3422 280 3468 o.
299 3399 366 3467 Vel
390 3397 499 3466 multo
535 3397 753 3487 probabilius
776 3400 884 3479 ,verba
918 3404 1004 3467 sunt
1027 3396 1217 3487 prophetae
1240 3394 1282 3463 de

115 3527 147 3574 se
167 3508 258 3596 ipso,
277 3505 338 3598 qui
361 3507 404 3573 ad
439 3506 716 3594 prophetandum
749 3505 877 3595 populo
901 3528 939 3573 se
973 3504 1117 3573 missum
1149 3503 1283 3572 dioita

114 3615 256 3682 Domino
281 3618 317 3682 et
340 3612 480 3702 Spiritu
504 3612 591 3698 eius,
610 3620 650 3682 ut
665 3621 806 3704 praeter
822 3614 910 3681 alios
934 3613 1180 3703 explicuerunt
1199 3611 1285 3680 Hie·
1346 3616 1350 3624 '

115 3746 280 3814 ronymus
304 3726 340 3790 et
363 3720 603 3790 Theodoretus
625 3722 663 3791 in
687 3721 722 3791 h.
743 3723 768 3791 l.
787 3729 823 3791 et
845 3744 888 3791 ex
922 3720 1177 3790 recentioribus
1201 3719 1282 3789 Cor·

179 3937 221 4016 (1)
238 3940 397 3992 Memorato
417 3938 532 4004 dignum
551 3941 604 4001 est,
621 3937 694 4006 quod
714 3938 865 4007 Didymus,
889 3956 911 3992 s.
928 3939 1101 4007 Hieronymo
1120 3939 1280 4008 interprete

114 4034 225 4085 minime
244 4030 433 4097 improbante,
449 4030 538 4081 lorum
559 4030 651 4080 Isaiae
665 4031 749 4094 longe
763 4031 850 4082 aliter
863 4031 979 4094 legerit.
995 4032 1056 4083 Non
1072 4032 1163 4083 solum
1176 4031 1282 4098 Filios,

114 4122 215 4190 inquit,
232 4121 283 4172 sed
303 4121 390 4204 stiam
409 4121 495 4172 Pater
515 4119 609 4172 mittit
627 4119 768 4184 Spiritum
788 4121 931 4186 Sanctum,
958 4119 1044 4187 idque
1073 4121 1221 4174 coufirmat
1248 4135 1283 4171 ex

115 4213 207 4265 vorbis
226 4211 334 4277 Isaiae,
350 4225 420 4276 quae
440 4213 469 4262 ot
487 4209 549 4276 ipse
569 4211 600 4261 in
619 4224 740 4276 persona
758 4209 829 4262 Filii
850 4210 927 4262 diota
953 4211 1091 4263 assumit:
1119 4211 1283 4263 «Dominus

115 4302 191 4354 misit
208 4317 251 4352 me
269 4307 296 4350 et
312 4298 448 4364 spiriteum
465 4315 561 4362 suumr
587 4298 729 4366 siquidem
748 4315 804 4352 non
824 4300 912 4352 solum
931 4300 1048 4370 ltilium,
1074 4300 1124 4354 sed
1143 4299 1282 4367 Spiritum
1310 4368 1313 4374 Ι

116 4391 204 4444 mittit
222 4393 299 4444 Deus
318 4385 427 4460 (Pater)
449 4410 461 4438 s
482 4389 597 4456 Didym.
612 4388 645 4442 de
665 4389 741 4458 Spir.
755 4390 783 4444 S.
801 4405 831 4443 n.
845 4389 889 4443 26.
