3120 4988
721 372 759 396 -·-
782 347 839 412 123
861 381 899 397 -

223 469 280 539 ep.
300 447 375 517 12³.
395 449 442 518 al.
461 451 518 521 78.
535 475 569 521 n.
591 451 623 539 ὃς
641 451 809 522 Nazianz.
829 478 883 542 ep.
902 453 936 522 2.
951 454 994 522 ad
1007 453 1148 522 Cledon.
1169 453 1398 545 T.11.p.94;

221 557 400 648 Epi-phau.
421 560 554 628 haeres,
576 560 630 628 74.
651 585 685 630 n.
706 561 759 629 14.
776 587 809 651 p.
829 561 913 648 9043
940 563 1009 630 ΡΡ.
1030 562 1327 631 Chalcedonenses
1351 563 1402 631 al·

222 667 333 736 locut.
352 668 396 736 ad
419 669 587 737 Marciae.
608 669 810 758 Augustum
827 671 955 757 (Menai
968 670 1050 739 VII.
1068 695 1100 760 p.
1119 672 1198 739 458.
1218 679 1301 764 sq.);
1319 673 1403 742 Vin·

222 786 315 844 cent.
334 776 451 844 Lirin.
469 778 672 846 Commonit.
701 803 734 846 n.
754 778 810 846 22.
830 779 885 846 23.
912 779 1014 847 Hunc
1038 781 1230 870 profectum
1266 781 1404 871 praedi·

224 886 377 952 cationis
402 885 462 975 qui
486 894 643 973 negaret,
665 909 703 955 eo
728 887 803 976 ipso
829 890 1063 977 mapisterium
1087 888 1266 957 Ecclesiae
1289 889 1326 956 in
1344 913 1401 978 gs·

220 993 336 1059 nnina
370 1016 435 1060 sua
470 994 727 1081 significatione
763 997 1007 1082 subverteret,
1033 1018 1072 1065 ac
1103 998 1295 1065 custodiam
1321 997 1398 1066 veri

223 1121 350 1167 sensus
373 1101 572 1188 dogmatum
608 1103 843 1171 revelatorum
867 1121 1053 1195 eorumque
1076 1104 1311 1172 defensionem
1336 1104 1395 1173 ad-

222 1231 349 1275 versus
385 1207 599 1297 multiplices
635 1234 676 1279 ac
699 1212 793 1280 inter
816 1235 852 1280 ee
878 1213 995 1280 varios
1026 1234 1184 1296 errores,
1217 1220 1257 1279 ut
1285 1210 1402 1277 illaa

206 1316 365 1385 ¹Christo
399 1317 577 1386 Ecclesiae
610 1320 781 1408 promissa
805 1330 841 1389 et
865 1321 1045 1388 commisse
1069 1330 1140 1405 est,
1168 1320 1204 1387 in
1239 1326 1401 1407 apertum

223 1424 412 1492 discrimen
438 1435 577 1494 vocaret
600 1427 695 1512 (vide
721 1428 841 1497 Traot.
861 1431 902 1496 de
928 1427 1133 1496 Traditione
1158 1434 1242 1495 sect.
1261 1426 1356 1512 Ν).

292 1532 332 1602 si
367 1533 482 1622 igitur
513 1557 635 1602 verum
670 1546 763 1604 esset
786 1536 971 1606 discrimen
997 1561 1018 1605 a
1040 1536 1192 1605 Macerio
1227 1542 1400 1604 assertum

224 1641 317 1708 inter
341 1643 476 1710 modum
513 1643 678 1734 loquendi
702 1645 737 1711 in
762 1644 922 1712 Ecclesia
946 1645 1122 1714 catholica
1156 1653 1236 1712 ante
1261 1650 1400 1735 etpost

163 1780 167 1783 “
227 1756 382 1838 tempora
405 1749 591 1837 Photiana;
619 1751 800 1818 dicendum
825 1753 928 1836 foret,
954 1774 1086 1840 semper
1111 1752 1249 1842 quidem
1274 1753 1311 1818 in
1334 1751 1401 1820 Ec·

227 1856 334 1925 clesia
358 1857 566 1924 custoditam
602 1864 638 1925 et
661 1858 830 1926 creditam
861 1857 971 1926 fnisse
1007 1859 1225 1944 doctrinam,
1253 1881 1340 1948 quae
1363 1857 1402 1926 in

228 1965 315 2055 ipsis
341 1965 537 2054 Scripturis
561 1986 724 2059 expressa
747 1974 813 2050 est,
833 1967 1006 2056 Spiritum
1023 1989 1097 2033 esse
1113 1965 1231 2033 Patris
1247 1976 1281 2032 et
1297 1963 1398 2049 Filii,

229 2097 249 2141 a
271 2075 376 2142 Patre
402 2073 584 2163 procedere
608 2082 643 2142 et
667 2075 822 2164 accipere
846 2097 867 2141 a
889 2074 995 2158 Filio,
1016 2074 1111 2141 mitti
1129 2095 1149 2139 a
1165 2074 1270 2141 Patre
1294 2079 1331 2140 et
1342 2072 1403 2141 Fi·

228 2181 298 2265 lio,
325 2180 458 2249 Filium
493 2204 568 2250 esse
592 2182 627 2249 in
653 2183 808 2250 omnibus
833 2206 939 2250 unum
972 2206 1049 2250 oum
1073 2183 1179 2250 Patre
1209 2204 1271 2250 nec
1295 2182 1339 2249 ab
1362 2203 1402 2249 eo

230 2287 405 2378 distingui
429 2289 499 2357 nisi
523 2291 597 2364 sola
621 2290 789 2358 relatione
805 2289 893 2357 Filii
917 2291 1029 2379 geniti
1046 2300 1081 2359 et
1097 2290 1216 2358 Patris
1232 2287 1399 2378 ingeniti,

229 2396 264 2464 in
287 2401 408 2467 ordine
431 2407 547 2466 autem
571 2398 720 2488 originis
745 2399 919 2489 Spiritum
937 2400 1105 2468 Sanctum
1121 2422 1195 2467 esse
1218 2421 1401 2488 personam

233 2509 367 2573 tertiam
391 2506 429 2574 in
446 2507 614 2575 relatione
631 2507 674 2573 ad
690 2506 822 2574 Filium
840 2529 1021 2597 personam
1037 2505 1229 2589 secandam,
1247 2531 1309 2576 nec
1325 2530 1401 2597 par·

233 2637 332 2682 sonas
356 2613 667 2683 consubstantialis
684 2615 874 2683 Trinitatis
899 2615 992 2683 inter
1016 2638 1052 2684 se
1070 2615 1245 2705 distingui
1262 2616 1332 2684 nisi
1349 2639 1403 2685 re-

230 2719 359 2791 latione
384 2723 550 2814 principii
574 2731 610 2798 et
635 2724 851 2813 procedentis
875 2747 895 2790 a
920 2723 1104 2813 principio.
1131 2723 1171 2790 In
1190 2725 1255 2792 hac
1272 2724 1401 2813 profes·

227 2830 321 2900 sione
347 2833 470 2923 utique
494 2832 694 2898 continetur
717 2830 1007 2920 aequipollenter,
1035 2829 1208 2920 Spiritum
1233 2831 1401 2899 Sanctum

222 2959 408 3028 personam
433 2940 574 3008 tertiam
593 2939 775 3029 procedere
792 2961 812 3005 a
827 2941 932 3006 Patre
956 2946 990 3007 et
1005 2930 1111 3022 Filio,
1127 2960 1271 3027 persona
1289 2938 1402 3026 prima

217 3059 253 3118 et
280 3049 456 3133 securrda,
482 3056 655 3140 quatenns
680 3071 785 3114 unum
809 3054 894 3114 sunt
917 3048 1121 3136 spiratione,
1149 3070 1215 3113 non
1240 3058 1401 3114 autema

212 3159 294 3228 solo
332 3159 458 3242 Patre,
485 3156 655 3247 siquidem
681 3155 717 3223 vi
753 3154 940 3244 spiratrice
968 3156 1074 3222 Pater
1097 3175 1118 3221 a
1145 3153 1238 3222 Filio
1263 3176 1328 3222 non
1353 3153 1403 3222 di-

204 3265 438 3354 stinguitur,
457 3266 541 3355 qnia
564 3263 755 3353 spiratione
777 3264 819 3330 ad
844 3261 975 3330 Filium
992 3285 1060 3329 non
1077 3264 1243 3331 refertur.
1262 3261 1402 3329 Potuis-

201 3383 302 3445 sent
326 3374 447 3465 itaque
471 3375 596 3440 Patres
620 3373 685 3440 hac
709 3372 870 3440 doctrina
890 3368 1160 3463 aequipollente,
1180 3371 1216 3437 in
1242 3391 1310 3472 qua
1333 3368 1402 3436 sal-

199 3481 292 3554 tem
319 3479 492 3568 implicite
523 3479 764 3546 contineretur
796 3478 881 3546 fides
905 3478 1135 3567 processionis
1171 3478 1215 3543 ab
1238 3490 1397 3568 utroque,

196 3587 380 3660 contenti
405 3610 498 3671 esse,
525 3587 692 3679 quamdiu
718 3587 900 3653 cuondam
925 3592 1019 3653 mota
1042 3590 1120 3652 erat
1143 3584 1332 3676 quaestion
1359 3583 1401 3652 da

195 3698 322 3768 modo
349 3695 594 3787 processionis,
620 3701 657 3762 et
682 3693 946 3762 «calumniator
969 3693 1091 3761 nullus
1115 3692 1297 3779 instabat;
1319 3718 1335 3753 n
1361 3713 1401 3760 eo

197 3805 339 3896 tnagis
362 3805 453 3896 quod
471 3804 536 3871 illa
552 3813 666 3871 aetate
690 3808 766 3870 tota
790 3803 965 3870 contentio
982 3811 1018 3869 et
1043 3801 1097 3868 vis
1114 3807 1401 3889 argqmentorum

188 3918 395 3986 adversus
418 3910 572 3978 Arianos
597 3908 780 3998 dirigenda
793 3917 871 3975 erat
886 3908 930 3975 ad
947 3905 1178 3975 defensionem
1196 3904 1403 3974 divinitatis

203 4020 383 4114 Spiritus
408 4020 529 4088 Sancti
553 4023 592 4087 et'
611 4019 688 4086 ideo
712 4015 941 4106 processionis
973 4038 1014 4082 ex
1040 4015 1239 4084 substantia
1268 4015 1399 4098 Patris,

203 4155 328 4225 quam
353 4117 527 4196 haeretici
553 4127 683 4195 directe
718 4124 984 4213 impugnabant.
1012 4123 1070 4191 Sic
1094 4123 1134 4191 de
1157 4123 1235 4211 ipsa
1260 4123 1402 4191 consub-

208 4238 467 4308 stantialitate
490 4236 578 4303 Filii
603 4259 680 4303 cum
704 4235 833 4319 Patre,
860 4239 895 4299 et
919 4231 1025 4298 etiam
1057 4230 1241 4323 aliquanto
1266 4229 1402 4299 diutius

214 4347 267 4414 de
292 4343 662 4413 consubstantialitate
680 4341 835 4430 Spiritus
852 4338 972 4407 Sancti
992 4338 1252 4431 antiquioribus
1276 4348 1403 4426 tempo·

220 4452 328 4526 tibus
355 4464 471 4522 cante
494 4460 621 4522 motam
655 4448 922 4542 quaestionem»
947 4445 1161 4539 Arianprurn
1185 4455 1221 4516 et
1243 4444 1400 4515 Macedo·
