3158 4980
592 326 630 342 ..
655 293 711 358 163
733 326 772 344 .-

94 397 290 468 sensionem
314 401 358 470 ab
381 400 458 491 ipso
481 400 669 490 corruptis,
688 399 779 468 nicil
803 398 901 468 aliud
926 419 1027 491 qnam
1052 419 1264 466 communem

102 495 290 603 doctrinam
307 511 479 598 Spiritum
489 507 666 597 procedere
681 534 702 574 a
720 510 838 587 Putre,
853 508 1024 574 adversus
1040 505 1193 572 Arianos
1207 506 1266 572 ds-

107 605 258 684 tendunt.
274 617 325 684 De
340 618 403 685 hac
417 618 566 684 hominis
586 616 802 706 impudentia
818 615 969 682 diximus
984 614 1019 681 in
1036 614 1102 682 Th.
1114 613 1262 683 XXXV.

112 722 202 792 ull.
227 723 308 791 Illis
338 724 438 793 addit
467 725 688 793 Mansuetum
712 723 1025 806 Mediolanensem,
1051 746 1150 813 quem
1175 724 1266 790 mira

116 833 248 917 quadam
270 854 336 900 sua
359 832 662 922 argumentatione
682 830 852 899 obvolvit.
878 830 975 898 Audi
999 830 1152 898 fabulam
1178 832 1266 900 Pho·

114 935 243 1011 hanam.
475 924 479 934 ⁴

170 1048 207 1116 In
228 1048 380 1139 epistola
402 1070 504 1140 quam
521 1070 611 1116 anno
628 1047 704 1118 679.
723 1047 916 1119 Damianos
932 1047 1130 1118 Ticinensis
1148 1053 1267 1138 postea

104 1148 294 1247 Episcopus
318 1156 453 1226 nomine
476 1155 651 1225 Mansueti
676 1169 711 1225 et
736 1158 862 1246 synodi
886 1155 1157 1225 Mediolanensis
1180 1143 1267 1225 sori·

98 1264 178 1349 psit
196 1266 238 1334 ad
262 1265 529 1335 Constantinum
553 1267 790 1355 Pogonatum,
817 1266 988 1356 expositio
1020 1267 1100 1334 fidei
1133 1268 1268 1334 inserta

95 1379 163 1437 est
182 1380 298 1442 contra
320 1374 586 1445 Monotheletas.
612 1376 653 1444 In
670 1376 782 1464 prima
800 1383 897 1463 parte
915 1374 1021 1443 huius
1037 1375 1266 1464 expositionis

92 1476 269 1549 adversus
285 1482 437 1550 Arianos
453 1481 634 1551 insistitur
650 1483 781 1550 unitati
800 1483 943 1551 divinas
959 1483 1130 1550 essentiae
1147 1483 1182 1549 in
1202 1481 1268 1551 tri-

92 1582 173 1652 bus
191 1589 370 1658 distinctis
394 1590 563 1678 personis,
590 1612 737 1681 quarum
761 1589 901 1657 nomina
925 1612 992 1657 non
1013 1590 1188 1656 diversam
1207 1609 1268 1655 na·

89 1696 223 1767 turam.
239 1699 456 1789 significant,
477 1709 517 1768 ut
540 1699 667 1768 Ariani
693 1700 1016 1793 oexcpllentiorem,
1036 1700 1213 1780 minorem,
1233 1705 1291 1781 at¹

87 1795 332 1876 inferiorem»
357 1808 543 1895 dicabant;
570 1808 628 1876 sed
653 1832 878 1899 personarum
914 1807 1267 1879 consubstantialium

85 1907 288 1984 relationes
312 1915 356 1983 ad
380 1916 529 1984 invicem
546 1916 746 2006 designant,
766 1926 870 2008 atquo
894 1918 970 1985 ideo
984 1917 1079 1985 sicut
1103 1918 1207 1984 Pater
1224 1913 1268 1983 ad

79 2005 246 2105 Filium,
271 2021 389 2090 Filius
412 2022 456 2090 ad
480 2023 619 2091 Patrem
644 2025 808 2111 refertur,
836 2025 887 2090 ita
910 2034 944 2090 et
967 2025 1124 2110 Spiritus
1147 2041 1268 2089 nonies

76 2119 292 2198 relativum
314 2139 380 2210 est,
395 2131 546 2220 adeoque
563 2132 652 2221 quod
677 2131 804 2198 Ariani
821 2137 856 2199 et
872 2128 1080 2199 Samiariani
1106 2152 1270 2218 pneuma-

73 2222 254 2306 tomachi
277 2239 463 2325 negabant,
481 2239 655 2324 spiratum
672 2261 694 2304 a
711 2238 818 2306 Patre
840 2236 1033 2324 signifieat.
1053 2235 1173 2302 «Nam
1191 2259 1268 2303 cum

70 2327 249 2415 dicimus
273 2347 536 2436 omnipotentem
552 2345 705 2430 Patrem,
724 2345 914 2435 appellatio
934 2345 1039 2412 huius
1057 2343 1192 2434 paterni
1212 2367 1272 2412 no·

68 2444 207 2522 minis
229 2454 273 2522 ad
297 2453 384 2523 Filii
408 2476 585 2544 personam
610 2453 821 2537 intenditur,
839 2463 875 2522 et
893 2452 1136 2532 cumdicimus
1160 2462 1270 2520 aeter·

68 2565 186 2628 num
207 2563 352 2643 Filium,
377 2562 422 2631 ad
446 2561 581 2630 aeterni
607 2562 725 2628 Patris
750 2583 929 2650 personam
954 2561 1122 2648 refertum
1141 2567 1177 2627 et
1194 2583 1271 2629 eum

68 2671 319 2738 nominamus
342 2671 513 2759 Spiritum
535 2672 716 2752 Sanctum,
741 2671 784 2736 ab
817 2671 951 2736 aeterni
978 2671 1096 2737 Patria
1125 2692 1272 2757 persono

73 2784 180 2841 ‘mm
207 2779 383 2868 proaedere
413 2793 637 2845 monstramus
653 2805 669 2838 a
695 2779 822 2861 (Menai
847 2780 978 2849 Concil.
998 2779 1040 2849 T.
1058 2779 1122 2846 XI.
1143 2804 1175 2867 p.
1191 2777 1270 2862 2063

74 2864 222 2993 luigo
245 2886 312 2956 aa.
331 2885 450 2954 notin.
479 2886 521 2954 n.
539 2885 758 2956 uxxxvu.
784 2911 817 2977 p.
837 2885 967 2972 mese.
994 2884 1170 2968 Quomodo
1201 2884 1270 2952 iam

80 2997 126 3048 111
146 2990 230 3064 ·hao
253 2994 468 3085 professione
504 2994 678 3063 catholiea
699 2994 876 3062 Macarius
899 2995 1032 3083 reperit
1055 2995 1272 3083 aequationem

85 3081 337 3171 Phocionem?
364 3101 432 3169 «Si
456 3101 613 3190 Spiritus
638 3102 801 3186 Sanctus,
827 3103 879 3170 ait
902 3102 977 3186 ille,
1003 3125 1024 3168 a
1049 3122 1271 3192 personaseu

92 3187 289 3290 hypostasi
314 3209 447 3276 aeterni
471 3207 591 3276 Patris
616 3208 784 3298 procedit,
810 3209 900 3275 etsi
925 3207 1129 3296 hypostasis
1155 3207 1272 3276 Patris

98 3313 157 3372 Μ)
186 3317 319 3385 omnino
349 3317 520 3385 distincta
543 3324 580 3384 et
603 3333 766 3404 separato
789 3314 869 3405 (sio)
893 3318 936 3384 ab
961 3315 1144 3406 hypostasi
1169 3316 1270 3402 Filii,

99 3402 192 3487 licet
211 3424 364 3494 essentia
387 3447 494 3492 unum
519 3426 590 3493 sint
606 3426 668 3512 (l);
688 3425 844 3513 Spiritus
867 3447 935 3491 non
953 3425 1111 3514 procedit
1126 3445 1147 3489 a
1162 3422 1273 3521 Filio,

100 3531 204 3597 secu,
227 3535 435 3622 hypostases
458 3534 787 3603 confunderentur»
813 3534 945 3602 Macar.
964 3559 996 3623 p.
1015 3532 1093 3600 387.

48 3730 51 3735 ι
87 3704 89 3713 ,
169 3631 273 3710 Nihil
288 3649 402 3731 potest
424 3663 499 3709 esse
523 3643 813 3711 accommodatius
830 3665 933 3735 quam
951 3639 1149 3709 huiusmodi
1167 3661 1273 3730 argu·

172 3778 218 3858 (1)
239 3789 335 3842 elisis
355 3788 414 3844 si...
429 3789 607 3856 l'hypostass
622 3789 658 3842 du
675 3791 745 3844 Pera
764 3791 822 3843 soit
841 3793 904 3841 tout
922 3791 939 3842 t
958 3788 1014 3842 icit
1029 3787 1165 3840 distincto
1184 3792 1213 3841 at
1236 3803 1274 3841 ae

90 3865 182 3921 ¹¹⁶*ss
202 3880 238 3933 de
257 3880 330 3933 calla
349 3879 386 3932 du
405 3881 479 3945 Fils,
501 3880 566 3932 bien
587 3882 672 3948 qn'ils
692 3896 726 3932 ne
746 3882 840 3933 soient
859 3881 941 3946 qu'un
969 3895 1020 3946 par
1048 3894 1198 3932 essenos.»
1214 3878 1273 3946 Hy·

92 3951 236 4046 &nasos
255 3969 373 4022 divinae
393 3969 596 4023 discernuntur
614 3969 725 4036 quidem
745 3970 821 4022 inter
841 3985 880 4035 se,
894 3969 980 4035 idque
997 3985 1049 4020 non
1065 3970 1153 4020 solum
1169 3967 1273 4022 dlutin¹

90 4034 196 4132 ‘lmus
217 4060 343 4114 rationis
362 4065 395 4113 ut
413 4061 555 4112 attributa
573 4060 712 4125 absolata,
734 4059 781 4111 sed
804 4058 987 4110 distinetione
1005 4058 1086 4121 reoli,
1107 4064 1192 4124 atque
1207 4058 1271 4112 ldoo

102 4132 241 4206 ¹⁰⁰1¹dao
261 4155 330 4205 sunt
347 4155 378 4203 st
395 4151 425 4202 in
446 4150 541 4203 eadem
557 4150 732 4217 professione
748 4149 946 4216 Episcopornm
960 4148 1211 4201 mediolanensium
1232 4147 1273 4200 di-

86 4217 213 4295 euntur
230 4261 242 4289 u
258 4255 394 4308 personna
415 4227 563 4292 distinctos
582 4248 665 4306 atque
686 4239 827 4302 discretae·
848 4259 860 4285 n
878 4237 924 4290 sed
946 4254 1025 4290 nemo
1054 4238 1111 4290 nisi
1140 4239 1275 4292 tritheita

83 4305 201 4457 1¹:³1:th
222 4330 315 4384 dicere
334 4345 470 4398 personas
490 4330 559 4382 lieet
578 4345 661 4383 unum
682 4331 742 4384 sint
760 4322 979 4396 essentia,'sssc
1004 4329 1082 4383 inter
1104 4343 1133 4382 ae
1159 4328 1272 4380 omnino

140 4420 260 4474 “rosea
