3158 4980
694 337 733 354 ·-
749 301 813 370 280
830 336 870 352 -

209 425 457 490 camentorum.
482 417 652 506 Spiritum
677 417 844 486 Sanctum
867 439 890 481 o
911 416 1020 482 Putre
1036 435 1101 501 per
1124 413 1259 482 Filiam
1275 411 1364 482 velo
1395 430 1399 435 ’

206 527 313 593 Patre
337 540 368 592 st
392 525 487 592 Filio
505 522 697 613 procedere,
720 525 880 616 quoniam
905 523 999 592 iuter
1020 521 1105 591 haec
1128 544 1234 591 sensu
1258 521 1367 590 catho-

205 634 275 703 lico
297 635 439 704 Patrum
463 632 643 702 intellecta
677 632 815 701 nullum
837 631 949 713 reale,
975 637 1012 699 et
1034 631 1168 700 fatente
1190 628 1367 718 Langsnio

204 765 272 812 nou
295 749 348 812 est
370 741 557 811 essentiale
592 741 801 826 discrimen,
828 741 992 833 quomodo
1016 763 1143 831 quaeso
1165 739 1369 830 proponitur

207 849 245 918 in
268 849 500 918 monumentis
523 850 566 917 ab
590 849 736 940 ipsomet
764 849 982 938 disputatore
1009 849 1185 916 Bonnensi
1210 847 1368 916 admissis

207 964 243 1026 et
265 959 399 1047 agnitis
421 958 502 1027 inde
526 958 649 1027 saltem
671 981 693 1027 a
715 957 825 1027 medio
849 956 988 1025 saeculo
1002 956 1067 1042 IV,
1085 956 1146 1025 ubi
1170 955 1213 1024 de
1237 954 1370 1045 Spiritu

207 1063 336 1135 Sancto
364 1066 577 1156 explicatius
604 1065 664 1155 agi
687 1073 845 1155 coeptum
869 1072 934 1150 est,
960 1087 1069 1155 usque
1092 1063 1137 1132 ad
1159 1069 1276 1132 ortam
1299 1086 1370 1132 oon·

205 1174 449 1244 tradictionem
473 1174 610 1244 saeculo
625 1173 702 1242 IX?
718 1173 862 1244 Prostat
885 1172 1013 1265 ubique
1036 1172 1171 1241 fatente
1191 1172 1369 1262 Langenio

205 1289 246 1350 ut
273 1283 463 1352 «doctrina
486 1282 677 1352 communis
699 1281 919 1366 Ecclesiae»
948 1280 1160 1349 «obfirmata
1183 1281 1222 1348 in
1247 1279 1368 1350 convi-

204 1389 318 1460 ctione
341 1391 572 1479 dogmaticas
603 1390 809 1462 anatholius
831 1389 992 1459 doctrina
1027 1388 1256 1473 Ecclesiae,s
1286 1387 1366 1456 «do-

205 1497 321 1567 ctrina
350 1500 461 1567 totius
490 1499 670 1569 Ecclesiae
700 1505 735 1567 et
766 1499 917 1568 omnium
948 1500 1093 1568 Petrum
1120 1521 1309 1591 numquam
1336 1501 1372 1567 in

204 1606 348 1675 dubium
360 1613 496 1694 vocata,
513 1635 529 1671 n
556 1608 763 1676 «dominans
778 1607 937 1692 traditio,
950 1633 966 1669 n
988 1607 1162 1696 epositiva
1177 1607 1368 1693 traditis»

203 1714 373 1784 distincta
410 1732 468 1783 aa·
492 1698 732 1806 speculatione
760 1722 796 1784 et
828 1715 1089 1784 confirmatione
1123 1713 1366 1804 theologicas

202 1828 424 1911 susceptaut
443 1823 636 1892 «doctrina
660 1824 811 1891 fundata
825 1823 863 1891 iu
880 1822 1086 1912 Scripturis,
1102 1849 1120 1886 n
1139 1828 1181 1891 ut
1195 1823 1370 1892 articulus

202 1928 284 1996 fidei
320 1929 511 2026 credendus
549 1931 758 2022 «proposita
790 1931 827 2000 in
863 1930 1141 2021 professionibus
1170 1930 1255 2000 fidei
1278 1937 1315 2000 et
1336 1933 1371 2000 in

203 2038 399 2127 symbolis»
426 2045 498 2107 tam
521 2041 667 2108 orientis
692 2063 794 2132 quam
818 2040 1032 2109 occidentis..

267 2146 322 2214 Ex
346 2148 402 2215 his
426 2148 584 2217 omnibus
609 2171 711 2240 quam
744 2155 848 2239 putas
872 2149 946 2216 fore
970 2148 1224 2219 conclusionem
1255 2149 1369 2219 nostri

203 2255 470 2324 dissertatoris?
493 2257 676 2326 Conclusio
699 2262 769 2326 est:
796 2256 1045 2347 processionem
1063 2256 1221 2347 Spiritus
1246 2257 1367 2328 Sancti

202 2365 350 2432 aPatre
369 2387 434 2452 per
458 2365 591 2433 Filium
613 2371 676 2433 aut
692 2389 714 2430 a
731 2366 825 2432 Filio
849 2388 922 2434 esse
949 2364 1211 2454 stheologicam
1236 2366 1367 2456 opinio

201 2493 290 2555 nem,
307 2497 324 2533 n
350 2494 438 2562 quae
462 2472 636 2561 pertineat
650 2471 693 2539 ad
714 2473 1057 2562 «speculationem»
1076 2495 1143 2541 non
1159 2478 1277 2540 autem
1294 2495 1366 2542 esse

205 2600 272 2645 sex
285 2578 474 2646 traditione
486 2578 713 2668 apostolicas
730 2601 791 2648 neo
804 2571 1113 2669 proinde‘udogma
1125 2579 1234 2647 fidei»
1254 2581 1285 2646 ll
1302 2581 1368 2650 Hic

201 2686 355 2776 profecto
367 2704 436 2753 non
449 2687 546 2754 modo
560 2688 672 2754 omnia
685 2687 862 2777 principia·
872 2687 1088 2756 Traditionis
1102 2688 1297 2758 catholicae
1310 2689 1368 2758 ssd

201 2792 305 2860 etiam
328 2792 460 2881 logices
483 2801 519 2862 et
543 2816 647 2863 sanae
670 2793 820 2862 rationis
854 2797 1023 2864 subversa
1046 2802 1142 2880 sunt,
1169 2797 1262 2887 quod
1286 2796 1367 2865 inde

203 2902 398 2969 necessario
425 2902 565 2985 accidit,
590 2903 671 2993 quia
698 2902 854 2970 homines
880 2911 1060 2992 apostatae
1088 2925 1152 2971 sua
1178 2904 1314 2994 placite
1336 2912 1369 2977 et

147 2996 150 3003 ’
202 3010 423 3099 potissimum
440 3011 517 3099 ipsa
534 3033 597 3078 sua
610 3011 839 3078 fundamenta
855 3012 1035 3080 haereseos
1052 3012 1223 3082 obducere
1240 3013 1371 3082 vellent

201 3118 320 3188 verbis
337 3119 543 3209 quibusdam
559 3141 600 3187 ac
624 3119 734 3187 modis
756 3119 920 3209 loquendi
945 3119 1144 3207 catholicis,
1163 3144 1312 3213 quorum
1330 3144 1369 3190 ex

200 3226 404 3294 educatione
421 3227 595 3296 catholica
619 3227 733 3296 adhuc
757 3229 999 3298 meminerunt.

223 3393 255 3469 5.
275 3387 338 3456 VI.
368 3388 549 3456 Unanimis
573 3389 749 3458 doctrinae
771 3393 917 3458 Petrum
932 3391 1178 3480 Neoplsotiaau
1200 3390 1348 3460 detorsio

488 3521 529 3564 eo
548 3498 684 3586 fallaci
709 3500 856 3567 locorum
880 3500 1077 3572 collatione,

268 3656 493 3746 Singulorum
510 3661 655 3728 Petrum
680 3661 865 3749 explicitae
891 3667 925 3728 st
942 3683 1003 3749 per
1019 3659 1215 3727 unanimem
1230 3682 1370 3730 cousen-

200 3789 274 3834 sum
301 3766 493 3857 universali
518 3767 696 3836 doctrinae
722 3769 762 3837 de
787 3769 1003 3856 processione
1028 3767 1185 3856 Spiritus
1210 3767 1334 3838 Sancti
1350 3793 1370 3834 a

201 3875 296 3940 Filio
320 3885 383 3942 aut
402 3899 466 3964 per
501 3877 634 3943 Filium
657 3876 860 3965 Langenius
892 3878 1195 3966 argumentatione
1231 3880 1369 3946 omniuo

199 3979 371 4048 Photiana
386 3983 529 4072 opponit
545 3985 729 4052 eorundem
747 3985 891 4052 Patrum
908 3983 984 4052 loca
1000 3984 1084 4068 alia,
1103 3983 1139 4051 in
1159 3984 1287 4075 quibus
1302 4007 1369 4053 nou

200 4097 312 4177 agunt
334 4091 402 4158 nisi
427 4092 468 4161 de
491 4091 557 4159 fide
582 4091 618 4158 iu
642 4092 752 4160 Deum
783 4115 890 4159 unum
915 4099 950 4160 et
974 4091 1131 4176 trinum',
1157 4113 1198 4158 ao
1223 4093 1369 4181 proinde

198 4196 235 4264 in
260 4197 483 4266 divinitatem
508 4198 665 4287 Spiritus
699 4198 844 4282 Sancti,
871 4198 955 4290 quin
988 4198 1155 4289 explicite
1191 4201 1369 4289 postulent

199 4306 444 4395 professionem
470 4307 713 4396 processionis.
738 4304 837 4373 Unde
862 4307 1009 4373 sicutex
1025 4305 1134 4373 simili
1157 4315 1365 4395 argumento

198 4410 364 4482 Photiani
387 4413 574 4484 orientales
598 4419 654 4501 (ut
676 4413 769 4503 apud
799 4411 993 4482 Macarium
1021 4411 1195 4502 vidimus)
1216 4412 1367 4484 absurde
