<?xml version="1.0" encoding="UTF-8"?>
<!DOCTYPE html PUBLIC "-//W3C//DTD XHTML 1.0 Transitional//EN"
    "http://www.w3.org/TR/xhtml1/DTD/xhtml1-transitional.dtd">
<html xmlns="http://www.w3.org/1999/xhtml" xml:lang="en" lang="en">
 <head>
  <title>
</title>
<meta http-equiv="Content-Type" content="text/html;charset=utf-8" />
  <meta name='ocr-system' content='tesseract 3.04.00' />
  <meta name='ocr-capabilities' content='ocr_page ocr_carea ocr_par ocr_line ocrx_word'/>
</head>
<body>
  <div class='ocr_page' id='page_1' title='image "./ioannisbaptfran00frangoog_0219.png"; bbox 0 0 3120 4988; ppageno 0'>
   <div class='ocr_carea' id='block_1_1' title="bbox 236 305 1533 1693">
    <p class='ocr_par' dir='ltr' id='par_1_1' title="bbox 750 305 934 371">
     <span class='ocr_line' id='line_1_1' title="bbox 750 305 934 371; baseline 0.005 -1"><span class='ocrx_word' id='word_1_1' title='bbox 750 339 794 353; x_wconf 91' lang='lat'>-</span> <span class='ocrx_word' id='word_1_2' title='bbox 810 305 873 371; x_wconf 79' lang='lat' dir='ltr'>att</span> <span class='ocrx_word' id='word_1_3' title='bbox 889 340 934 351; x_wconf 96' lang='lat'>-</span> 
     </span>
    </p>

    <p class='ocr_par' dir='ltr' id='par_1_2' title="bbox 236 399 1533 1693">
     <span class='ocr_line' id='line_1_2' title="bbox 258 399 1420 496; baseline 0 -20"><span class='ocrx_word' id='word_1_4' title='bbox 258 399 365 476; x_wconf 85' lang='lat' dir='ltr'>unum</span> <span class='ocrx_word' id='word_1_5' title='bbox 388 405 598 496; x_wconf 90' lang='lat' dir='ltr'>principium</span> <span class='ocrx_word' id='word_1_6' title='bbox 622 407 686 490; x_wconf 92' lang='lat' dir='ltr'>ita,</span> <span class='ocrx_word' id='word_1_7' title='bbox 711 414 753 475; x_wconf 90' lang='lat' dir='ltr'>ut</span> <span class='ocrx_word' id='word_1_8' title='bbox 775 407 924 477; x_wconf 87' lang='lat' dir='ltr'>tollatur</span> <span class='ocrx_word' id='word_1_9' title='bbox 947 407 1067 476; x_wconf 90' lang='lat' dir='ltr'>unitas</span> <span class='ocrx_word' id='word_1_10' title='bbox 1090 409 1211 478; x_wconf 88' lang='lat' dir='ltr'>Patris</span> <span class='ocrx_word' id='word_1_11' title='bbox 1232 431 1313 477; x_wconf 87' lang='lat' dir='ltr'>cum</span> <span class='ocrx_word' id='word_1_12' title='bbox 1333 408 1420 477; x_wconf 80' lang='lat' dir='ltr'>Filio</span> 
     </span>
     <span class='ocr_line' id='line_1_3' title="bbox 257 499 1421 606; baseline 0 -23"><span class='ocrx_word' id='word_1_13' title='bbox 257 516 294 583; x_wconf 88' lang='lat' dir='ltr'>in</span> <span class='ocrx_word' id='word_1_14' title='bbox 320 515 496 598; x_wconf 89' lang='lat' dir='ltr'>omnibus,</span> <span class='ocrx_word' id='word_1_15' title='bbox 523 513 583 581; x_wconf 90' lang='lat' dir='ltr'>ubi</span> <span class='ocrx_word' id='word_1_16' title='bbox 606 537 674 581; x_wconf 91' lang='lat' dir='ltr'>non</span> <span class='ocrx_word' id='word_1_17' title='bbox 696 514 886 584; x_wconf 77' lang='lat' dir='ltr'>intercedit</span> <span class='ocrx_word' id='word_1_18' title='bbox 908 516 1092 583; x_wconf 80' lang='lat' dir='ltr'>relationis</span> <span class='ocrx_word' id='word_1_19' title='bbox 1119 499 1316 605; x_wconf 83' lang='lat' dir='ltr'>oppositio,</span> <span class='ocrx_word' id='word_1_20' title='bbox 1343 540 1421 606; x_wconf 79' lang='lat' dir='ltr'>nepo</span> 
     </span>
     <span class='ocr_line' id='line_1_4' title="bbox 257 622 1423 713; baseline 0.004 -27"><span class='ocrx_word' id='word_1_21' title='bbox 257 625 430 690; x_wconf 83' lang='lat' dir='ltr'>maiorem.</span> <span class='ocrx_word' id='word_1_22' title='bbox 450 622 570 703; x_wconf 71' lang='lat' dir='ltr'>Quoad</span> <span class='ocrx_word' id='word_1_23' title='bbox 588 623 772 690; x_wconf 90' lang='lat' dir='ltr'>secundam</span> <span class='ocrx_word' id='word_1_24' title='bbox 796 632 930 713; x_wconf 88' lang='lat' dir='ltr'>partem</span> <span class='ocrx_word' id='word_1_25' title='bbox 947 626 1102 691; x_wconf 84' lang='lat' dir='ltr'>maioris:</span> <span class='ocrx_word' id='word_1_26' title='bbox 1117 624 1286 693; x_wconf 88' lang='lat' dir='ltr'>catholici</span> <span class='ocrx_word' id='word_1_27' title='bbox 1302 625 1423 693; x_wconf 90' lang='lat' dir='ltr'>dicunt</span> 
     </span>
     <span class='ocr_line' id='line_1_5' title="bbox 256 729 1424 823; baseline 0.003 -26"><span class='ocrx_word' id='word_1_28' title='bbox 256 751 437 818; x_wconf 80' lang='lat' dir='ltr'>personam</span> <span class='ocrx_word' id='word_1_29' title='bbox 452 729 571 798; x_wconf 89' lang='lat' dir='ltr'>Patris</span> <span class='ocrx_word' id='word_1_30' title='bbox 587 736 623 797; x_wconf 91' lang='lat' dir='ltr'>et</span> <span class='ocrx_word' id='word_1_31' title='bbox 639 753 820 819; x_wconf 88' lang='lat' dir='ltr'>personam</span> <span class='ocrx_word' id='word_1_32' title='bbox 836 730 923 799; x_wconf 84' lang='lat' dir='ltr'>Filii</span> <span class='ocrx_word' id='word_1_33' title='bbox 940 732 1151 820; x_wconf 87' lang='lat' dir='ltr'>principium</span> <span class='ocrx_word' id='word_1_34' title='bbox 1170 733 1330 823; x_wconf 83' lang='lat' dir='ltr'>Spiritus</span> <span class='ocrx_word' id='word_1_35' title='bbox 1344 733 1424 802; x_wconf 87' lang='lat' dir='ltr'>San-</span> 
     </span>
     <span class='ocr_line' id='line_1_6' title="bbox 257 835 1533 936; baseline 0.004 -33"><span class='ocrx_word' id='word_1_36' title='bbox 257 835 307 903; x_wconf 88' lang='lat' dir='ltr'>cti</span> <span class='ocrx_word' id='word_1_37' title='bbox 325 859 390 925; x_wconf 89' lang='lat' dir='ltr'>per</span> <span class='ocrx_word' id='word_1_38' title='bbox 413 840 639 924; x_wconf 77' lang='lat' dir='ltr'>spirationem</span> <span class='ocrx_word' id='word_1_39' title='bbox 670 860 788 919; x_wconf 82' lang='lat' dir='ltr'>caum,</span> <span class='ocrx_word' id='word_1_40' title='bbox 816 861 884 929; x_wconf 90' lang='lat' dir='ltr'>qua</span> <span class='ocrx_word' id='word_1_41' title='bbox 907 861 973 906; x_wconf 92' lang='lat' dir='ltr'>non</span> <span class='ocrx_word' id='word_1_42' title='bbox 999 840 1042 907; x_wconf 90' lang='lat' dir='ltr'>ad</span> <span class='ocrx_word' id='word_1_43' title='bbox 1066 862 1102 907; x_wconf 90' lang='lat' dir='ltr'>se</span> <span class='ocrx_word' id='word_1_44' title='bbox 1125 840 1278 909; x_wconf 83' lang='lat' dir='ltr'>invicem</span> <span class='ocrx_word' id='word_1_45' title='bbox 1302 841 1365 909; x_wconf 88' lang='lat' dir='ltr'>sed</span> <span class='ocrx_word' id='word_1_46' title='bbox 1386 840 1424 907; x_wconf 89' lang='lat' dir='ltr'>ad</span> <span class='ocrx_word' id='word_1_47' title='bbox 1527 929 1533 936; x_wconf 29' lang='grc'><em>“</em></span> 
     </span>
     <span class='ocr_line' id='line_1_7' title="bbox 256 945 1424 1032; baseline 0.003 -21"><span class='ocrx_word' id='word_1_48' title='bbox 256 966 435 1030; x_wconf 82' lang='lat' dir='ltr'>personam</span> <span class='ocrx_word' id='word_1_49' title='bbox 452 945 594 1013; x_wconf 83' lang='lat' dir='ltr'>tertiam</span> <span class='ocrx_word' id='word_1_50' title='bbox 609 946 849 1032; x_wconf 77' lang='lat' dir='ltr'>procedentem</span> <span class='ocrx_word' id='word_1_51' title='bbox 865 946 1080 1032; x_wconf 85' lang='lat' dir='ltr'>referuntur,</span> <span class='ocrx_word' id='word_1_52' title='bbox 1096 948 1234 1016; x_wconf 79' lang='lat' dir='ltr'>concedo</span> <span class='ocrx_word' id='word_1_53' title='bbox 1252 952 1424 1031; x_wconf 62' lang='lat' dir='ltr'>maiorem</span> 
     </span>
     <span class='ocr_line' id='line_1_8' title="bbox 256 1053 1422 1146; baseline 0.003 -24"><span class='ocrx_word' id='word_1_54' title='bbox 256 1055 380 1123; x_wconf 89' lang='lat' dir='ltr'>dicunt</span> <span class='ocrx_word' id='word_1_55' title='bbox 402 1077 583 1143; x_wconf 89' lang='lat' dir='ltr'>personam</span> <span class='ocrx_word' id='word_1_56' title='bbox 599 1053 716 1121; x_wconf 89' lang='lat' dir='ltr'>Patris</span> <span class='ocrx_word' id='word_1_57' title='bbox 738 1061 774 1122; x_wconf 88' lang='lat' dir='ltr'>et</span> <span class='ocrx_word' id='word_1_58' title='bbox 796 1053 884 1120; x_wconf 83' lang='lat' dir='ltr'>Filii</span> <span class='ocrx_word' id='word_1_59' title='bbox 899 1053 1110 1143; x_wconf 89' lang='lat' dir='ltr'>principium</span> <span class='ocrx_word' id='word_1_60' title='bbox 1127 1054 1288 1146; x_wconf 80' lang='lat' dir='ltr'>Spiritus</span> <span class='ocrx_word' id='word_1_61' title='bbox 1304 1056 1422 1131; x_wconf 80' lang='lat' dir='ltr'>Sancti</span> 
     </span>
     <span class='ocr_line' id='line_1_9' title="bbox 256 1162 1423 1253; baseline 0.004 -22"><span class='ocrx_word' id='word_1_62' title='bbox 256 1186 317 1251; x_wconf 90' lang='lat' dir='ltr'>per</span> <span class='ocrx_word' id='word_1_63' title='bbox 340 1164 529 1231; x_wconf 85' lang='lat' dir='ltr'>relationes</span> <span class='ocrx_word' id='word_1_64' title='bbox 552 1162 725 1246; x_wconf 89' lang='lat' dir='ltr'>diversas,</span> <span class='ocrx_word' id='word_1_65' title='bbox 744 1162 872 1253; x_wconf 86' lang='lat' dir='ltr'>quibus</span> <span class='ocrx_word' id='word_1_66' title='bbox 895 1163 939 1230; x_wconf 90' lang='lat' dir='ltr'>ad</span> <span class='ocrx_word' id='word_1_67' title='bbox 963 1186 1000 1231; x_wconf 90' lang='lat' dir='ltr'>se</span> <span class='ocrx_word' id='word_1_68' title='bbox 1015 1163 1166 1234; x_wconf 85' lang='lat' dir='ltr'>invicem</span> <span class='ocrx_word' id='word_1_69' title='bbox 1181 1166 1317 1235; x_wconf 84' lang='lat' dir='ltr'>relatae</span> <span class='ocrx_word' id='word_1_70' title='bbox 1334 1167 1423 1237; x_wconf 89' lang='lat' dir='ltr'>inter</span> 
     </span>
     <span class='ocr_line' id='line_1_10' title="bbox 256 1271 1421 1360; baseline 0 -20"><span class='ocrx_word' id='word_1_71' title='bbox 256 1295 292 1340; x_wconf 88' lang='lat' dir='ltr'>se</span> <span class='ocrx_word' id='word_1_72' title='bbox 317 1271 461 1340; x_wconf 88' lang='lat' dir='ltr'>realiter</span> <span class='ocrx_word' id='word_1_73' title='bbox 485 1272 765 1360; x_wconf 64' lang='lat' dir='ltr'>distinguentem</span> <span class='ocrx_word' id='word_1_74' title='bbox 789 1295 875 1360; x_wconf 73' lang='lat' dir='ltr'>pepo</span> <span class='ocrx_word' id='word_1_75' title='bbox 898 1274 1072 1340; x_wconf 82' lang='lat' dir='ltr'>maiorem.</span> <span class='ocrx_word' id='word_1_76' title='bbox 1096 1273 1225 1343; x_wconf 86' lang='lat' dir='ltr'>Eodem</span> <span class='ocrx_word' id='word_1_77' title='bbox 1250 1275 1353 1343; x_wconf 92' lang='lat' dir='ltr'>modo</span> <span class='ocrx_word' id='word_1_78' title='bbox 1375 1275 1421 1342; x_wconf 86' lang='lat' dir='ltr'>di·</span> 
     </span>
     <span class='ocr_line' id='line_1_11' title="bbox 254 1379 1419 1475; baseline 0.009 -30"><span class='ocrx_word' id='word_1_79' title='bbox 254 1381 393 1468; x_wconf 76' lang='lat' dir='ltr'>stirpes</span> <span class='ocrx_word' id='word_1_80' title='bbox 416 1381 590 1446; x_wconf 81' lang='lat' dir='ltr'>minorem:</span> <span class='ocrx_word' id='word_1_81' title='bbox 607 1382 712 1448; x_wconf 89' lang='lat' dir='ltr'>Pater</span> <span class='ocrx_word' id='word_1_82' title='bbox 728 1385 764 1446; x_wconf 87' lang='lat' dir='ltr'>et</span> <span class='ocrx_word' id='word_1_83' title='bbox 778 1379 895 1447; x_wconf 84' lang='lat' dir='ltr'>Filius</span> <span class='ocrx_word' id='word_1_84' title='bbox 911 1387 994 1448; x_wconf 88' lang='lat' dir='ltr'>sont</span> <span class='ocrx_word' id='word_1_85' title='bbox 1009 1381 1099 1450; x_wconf 89' lang='lat' dir='ltr'>duae</span> <span class='ocrx_word' id='word_1_86' title='bbox 1114 1405 1282 1472; x_wconf 85' lang='lat' dir='ltr'>personae</span> <span class='ocrx_word' id='word_1_87' title='bbox 1299 1386 1419 1475; x_wconf 83' lang='lat' dir='ltr'>distin·</span> 
     </span>
     <span class='ocr_line' id='line_1_12' title="bbox 238 1487 1418 1584; baseline 0.006 -27"><span class='ocrx_word' id='word_1_88' title='bbox 238 1495 331 1577; x_wconf 82' lang='lat' dir='ltr'>ctae</span> <span class='ocrx_word' id='word_1_89' title='bbox 362 1509 423 1578; x_wconf 87' lang='lat' dir='ltr'>per</span> <span class='ocrx_word' id='word_1_90' title='bbox 454 1489 711 1578; x_wconf 85' lang='lat' dir='ltr'>generationem</span> <span class='ocrx_word' id='word_1_91' title='bbox 741 1487 896 1558; x_wconf 85' lang='lat' dir='ltr'>activam</span> <span class='ocrx_word' id='word_1_92' title='bbox 931 1494 968 1558; x_wconf 90' lang='lat' dir='ltr'>et</span> <span class='ocrx_word' id='word_1_93' title='bbox 989 1491 1190 1580; x_wconf 82' lang='lat' dir='ltr'>passivam,</span> <span class='ocrx_word' id='word_1_94' title='bbox 1217 1515 1289 1584; x_wconf 88' lang='lat' dir='ltr'>qua</span> <span class='ocrx_word' id='word_1_95' title='bbox 1307 1495 1418 1567; x_wconf 86' lang='lat' dir='ltr'>Filios</span> 
     </span>
     <span class='ocr_line' id='line_1_13' title="bbox 236 1580 1416 1693; baseline 0.008 -30"><span class='ocrx_word' id='word_1_96' title='bbox 236 1580 414 1686; x_wconf 42' lang='lat' dir='ltr'>&#39;procedit</span> <span class='ocrx_word' id='word_1_97' title='bbox 437 1618 458 1663; x_wconf 91' lang='lat' dir='ltr'>a</span> <span class='ocrx_word' id='word_1_98' title='bbox 481 1597 599 1681; x_wconf 89' lang='lat' dir='ltr'>Patre,</span> <span class='ocrx_word' id='word_1_99' title='bbox 619 1595 757 1664; x_wconf 78' lang='lat' dir='ltr'>concedo</span> <span class='ocrx_word' id='word_1_100' title='bbox 780 1598 964 1678; x_wconf 64' lang='lat' dir='ltr'>minorem</span> <span class='ocrx_word' id='word_1_101' title='bbox 980 1605 1063 1667; x_wconf 90' lang='lat' dir='ltr'>sunt</span> <span class='ocrx_word' id='word_1_102' title='bbox 1082 1600 1345 1693; x_wconf 84' lang='lat' dir='ltr'>distinotseper</span> <span class='ocrx_word' id='word_1_103' title='bbox 1360 1605 1416 1693; x_wconf 89' lang='lat' dir='ltr'>spi·</span> 
     </span>
    </p>
   </div>
   <div class='ocr_carea' id='block_1_2' title="bbox 258 1798 1423 1875">
    <p class='ocr_par' dir='ltr' id='par_1_3' title="bbox 258 1798 1423 1875">
     <span class='ocr_line' id='line_1_14' title="bbox 258 1798 1423 1875; baseline 0.004 -24"><span class='ocrx_word' id='word_1_104' title='bbox 258 1799 310 1852; x_wconf 87' lang='lat' dir='ltr'>dat</span> <span class='ocrx_word' id='word_1_105' title='bbox 329 1799 456 1867; x_wconf 84' lang='lat' dir='ltr'>Spiritus</span> <span class='ocrx_word' id='word_1_106' title='bbox 474 1799 605 1866; x_wconf 88' lang='lat' dir='ltr'>Sanctus,</span> <span class='ocrx_word' id='word_1_107' title='bbox 622 1802 660 1851; x_wconf 89' lang='lat' dir='ltr'>sie</span> <span class='ocrx_word' id='word_1_108' title='bbox 689 1800 794 1851; x_wconf 80' lang='lat' dir='ltr'>dedisse</span> <span class='ocrx_word' id='word_1_109' title='bbox 812 1800 902 1864; x_wconf 80' lang='lat' dir='ltr'>Filio,</span> <span class='ocrx_word' id='word_1_110' title='bbox 916 1803 949 1852; x_wconf 90' lang='lat' dir='ltr'>nt</span> <span class='ocrx_word' id='word_1_111' title='bbox 967 1798 1001 1851; x_wconf 91' lang='lat' dir='ltr'>de</span> <span class='ocrx_word' id='word_1_112' title='bbox 1020 1801 1073 1853; x_wconf 89' lang='lat' dir='ltr'>illo</span> <span class='ocrx_word' id='word_1_113' title='bbox 1102 1799 1236 1867; x_wconf 80' lang='lat' dir='ltr'>procedat</span> <span class='ocrx_word' id='word_1_114' title='bbox 1261 1801 1338 1875; x_wconf 77' lang='lat' dir='ltr'>idern</span> <span class='ocrx_word' id='word_1_115' title='bbox 1365 1804 1423 1873; x_wconf 82' lang='lat' dir='ltr'>Spi—</span> 
     </span>
    </p>
   </div>
   <div class='ocr_carea' id='block_1_3' title="bbox 150 1880 1480 1962">
    <p class='ocr_par' dir='ltr' id='par_1_4' title="bbox 150 1880 1480 1962">
     <span class='ocr_line' id='line_1_15' title="bbox 150 1880 1480 1962; baseline 0.011 -22"><span class='ocrx_word' id='word_1_116' title='bbox 150 1891 152 1894; x_wconf 83' lang='lat'>&#39;</span> <span class='ocrx_word' id='word_1_117' title='bbox 258 1889 332 1942; x_wconf 89' lang='lat' dir='ltr'>ritus</span> <span class='ocrx_word' id='word_1_118' title='bbox 351 1889 481 1956; x_wconf 86' lang='lat' dir='ltr'>Sanctus,</span> <span class='ocrx_word' id='word_1_119' title='bbox 497 1895 526 1942; x_wconf 89' lang='lat' dir='ltr'>et</span> <span class='ocrx_word' id='word_1_120' title='bbox 544 1892 693 1956; x_wconf 86' lang='lat' dir='ltr'>utrumque</span> <span class='ocrx_word' id='word_1_121' title='bbox 713 1891 775 1942; x_wconf 90' lang='lat' dir='ltr'>sine</span> <span class='ocrx_word' id='word_1_122' title='bbox 801 1895 935 1957; x_wconf 88' lang='lat' dir='ltr'>tempore;</span> <span class='ocrx_word' id='word_1_123' title='bbox 965 1880 1051 1958; x_wconf 70' lang='lat' dir='ltr'>stent</span> <span class='ocrx_word' id='word_1_124' title='bbox 1082 1891 1125 1942; x_wconf 89' lang='lat' dir='ltr'>ita</span> <span class='ocrx_word' id='word_1_125' title='bbox 1151 1891 1267 1960; x_wconf 88' lang='lat' dir='ltr'>dictum,</span> <span class='ocrx_word' id='word_1_126' title='bbox 1289 1894 1480 1962; x_wconf 61' lang='lat' dir='ltr'>spirtum</span> 
     </span>
    </p>
   </div>
   <div class='ocr_carea' id='block_1_4' title="bbox 173 1974 1546 4463">
    <p class='ocr_par' dir='ltr' id='par_1_5' title="bbox 259 1974 1490 2227">
     <span class='ocr_line' id='line_1_16' title="bbox 259 1974 1482 2051; baseline 0.002 -19"><span class='ocrx_word' id='word_1_127' title='bbox 259 1979 390 2043; x_wconf 82' lang='lat' dir='ltr'>Sanctum</span> <span class='ocrx_word' id='word_1_128' title='bbox 411 1978 444 2032; x_wconf 91' lang='lat' dir='ltr'>de</span> <span class='ocrx_word' id='word_1_129' title='bbox 464 1980 549 2032; x_wconf 87' lang='lat' dir='ltr'>Patre</span> <span class='ocrx_word' id='word_1_130' title='bbox 569 1979 727 2047; x_wconf 87' lang='lat' dir='ltr'>procedere,</span> <span class='ocrx_word' id='word_1_131' title='bbox 748 1982 780 2032; x_wconf 89' lang='lat' dir='ltr'>ut</span> <span class='ocrx_word' id='word_1_132' title='bbox 798 1979 994 2046; x_wconf 77' lang='lat' dir='ltr'>intelligatur,</span> <span class='ocrx_word' id='word_1_133' title='bbox 1020 1980 1096 2047; x_wconf 75' lang='lat' dir='ltr'>quod</span> <span class='ocrx_word' id='word_1_134' title='bbox 1123 1982 1207 2034; x_wconf 87' lang='lat' dir='ltr'>etiam</span> <span class='ocrx_word' id='word_1_135' title='bbox 1228 1985 1370 2051; x_wconf 81' lang='lat' dir='ltr'>procedat</span> <span class='ocrx_word' id='word_1_136' title='bbox 1395 1974 1482 2035; x_wconf 60' lang='lat' dir='ltr'>&#39;tte</span> 
     </span>
     <span class='ocr_line' id='line_1_17' title="bbox 260 2067 1483 2137; baseline 0.002 -18"><span class='ocrx_word' id='word_1_137' title='bbox 260 2068 348 2133; x_wconf 82' lang='lat' dir='ltr'>Filio,</span> <span class='ocrx_word' id='word_1_138' title='bbox 365 2069 398 2119; x_wconf 81' lang='lat' dir='ltr'>de</span> <span class='ocrx_word' id='word_1_139' title='bbox 416 2069 502 2120; x_wconf 85' lang='lat' dir='ltr'>Patre</span> <span class='ocrx_word' id='word_1_140' title='bbox 520 2085 572 2120; x_wconf 85' lang='lat' dir='ltr'>esse</span> <span class='ocrx_word' id='word_1_141' title='bbox 590 2068 680 2121; x_wconf 81' lang='lat' dir='ltr'>Filio.</span> <span class='ocrx_word' id='word_1_142' title='bbox 701 2068 732 2121; x_wconf 85' lang='lat' dir='ltr'>Si</span> <span class='ocrx_word' id='word_1_143' title='bbox 751 2068 827 2121; x_wconf 88' lang='lat' dir='ltr'>enim</span> <span class='ocrx_word' id='word_1_144' title='bbox 847 2067 985 2135; x_wconf 86' lang='lat' dir='ltr'>quidquid</span> <span class='ocrx_word' id='word_1_145' title='bbox 1005 2068 1101 2137; x_wconf 85' lang='lat' dir='ltr'>hebet,</span> <span class='ocrx_word' id='word_1_146' title='bbox 1117 2068 1151 2123; x_wconf 87' lang='lat' dir='ltr'>de</span> <span class='ocrx_word' id='word_1_147' title='bbox 1169 2071 1258 2125; x_wconf 84' lang='lat' dir='ltr'>Patre</span> <span class='ocrx_word' id='word_1_148' title='bbox 1276 2073 1366 2128; x_wconf 81' lang='lat' dir='ltr'>habet</span> <span class='ocrx_word' id='word_1_149' title='bbox 1379 2072 1483 2128; x_wconf 73' lang='lat' dir='ltr'>Fi-</span> 
     </span>
     <span class='ocr_line' id='line_1_18' title="bbox 259 2158 1490 2227; baseline 0.001 -16"><span class='ocrx_word' id='word_1_150' title='bbox 259 2161 328 2226; x_wconf 88' lang='lat' dir='ltr'>lius;</span> <span class='ocrx_word' id='word_1_151' title='bbox 341 2159 374 2210; x_wconf 80' lang='lat' dir='ltr'>ds</span> <span class='ocrx_word' id='word_1_152' title='bbox 393 2159 478 2210; x_wconf 81' lang='lat' dir='ltr'>Patre</span> <span class='ocrx_word' id='word_1_153' title='bbox 497 2161 579 2210; x_wconf 79' lang='lat' dir='ltr'>tabet</span> <span class='ocrx_word' id='word_1_154' title='bbox 596 2159 703 2225; x_wconf 81' lang='lat' dir='ltr'>setique,</span> <span class='ocrx_word' id='word_1_155' title='bbox 719 2166 752 2209; x_wconf 82' lang='lat' dir='ltr'>stt</span> <span class='ocrx_word' id='word_1_156' title='bbox 770 2166 796 2209; x_wconf 89' lang='lat' dir='ltr'>et</span> <span class='ocrx_word' id='word_1_157' title='bbox 814 2158 847 2208; x_wconf 84' lang='lat' dir='ltr'>dc</span> <span class='ocrx_word' id='word_1_158' title='bbox 865 2159 916 2208; x_wconf 84' lang='lat' dir='ltr'>illo</span> <span class='ocrx_word' id='word_1_159' title='bbox 930 2159 1068 2224; x_wconf 83' lang='lat' dir='ltr'>procedat</span> <span class='ocrx_word' id='word_1_160' title='bbox 1093 2161 1217 2227; x_wconf 76' lang='lat' dir='ltr'>Spiritus</span> <span class='ocrx_word' id='word_1_161' title='bbox 1245 2165 1428 2221; x_wconf 78' lang='lat' dir='ltr'>Sanetus...</span> <span class='ocrx_word' id='word_1_162' title='bbox 1443 2192 1464 2208; x_wconf 85' lang='lat'><strong>·</strong></span> <span class='ocrx_word' id='word_1_163' title='bbox 1483 2189 1490 2202; x_wconf 93' lang='lat'><strong>·</strong></span> 
     </span>
    </p>

    <p class='ocr_par' dir='ltr' id='par_1_6' title="bbox 173 2241 1546 4463">
     <span class='ocr_line' id='line_1_19' title="bbox 173 2241 1498 2321; baseline 0.005 -19"><span class='ocrx_word' id='word_1_164' title='bbox 173 2282 176 2287; x_wconf 92' lang='lat'><em>-</em></span> <span class='ocrx_word' id='word_1_165' title='bbox 258 2250 346 2302; x_wconf 86' lang='lat' dir='ltr'>Pater</span> <span class='ocrx_word' id='word_1_166' title='bbox 364 2250 441 2302; x_wconf 88' lang='lat' dir='ltr'>solus</span> <span class='ocrx_word' id='word_1_167' title='bbox 461 2265 517 2302; x_wconf 91' lang='lat' dir='ltr'>non</span> <span class='ocrx_word' id='word_1_168' title='bbox 536 2251 582 2301; x_wconf 89' lang='lat' dir='ltr'>est</span> <span class='ocrx_word' id='word_1_169' title='bbox 600 2247 634 2300; x_wconf 89' lang='lat' dir='ltr'>de</span> <span class='ocrx_word' id='word_1_170' title='bbox 654 2248 757 2302; x_wconf 77' lang='lat' dir='ltr'>alia...</span> <span class='ocrx_word' id='word_1_171' title='bbox 770 2248 865 2300; x_wconf 77' lang='lat' dir='ltr'>Filius</span> <span class='ocrx_word' id='word_1_172' title='bbox 884 2250 977 2302; x_wconf 84' lang='lat' dir='ltr'>autem</span> <span class='ocrx_word' id='word_1_173' title='bbox 996 2247 1030 2301; x_wconf 92' lang='lat' dir='ltr'>de</span> <span class='ocrx_word' id='word_1_174' title='bbox 1049 2250 1136 2302; x_wconf 82' lang='lat' dir='ltr'>Patre</span> <span class='ocrx_word' id='word_1_175' title='bbox 1156 2256 1242 2306; x_wconf 86' lang='lat' dir='ltr'>ustus</span> <span class='ocrx_word' id='word_1_176' title='bbox 1257 2257 1313 2321; x_wconf 86' lang='lat' dir='ltr'>est,</span> <span class='ocrx_word' id='word_1_177' title='bbox 1328 2241 1498 2321; x_wconf 58' lang='lat'>„390⁶-</span> 
     </span>
     <span class='ocr_line' id='line_1_20' title="bbox 258 2329 1505 2408; baseline 0.006 -18"><span class='ocrx_word' id='word_1_178' title='bbox 258 2338 331 2390; x_wconf 79' lang='lat' dir='ltr'>ritas</span> <span class='ocrx_word' id='word_1_179' title='bbox 348 2341 467 2392; x_wconf 80' lang='lat' dir='ltr'>Sanctus</span> <span class='ocrx_word' id='word_1_180' title='bbox 486 2339 519 2390; x_wconf 85' lang='lat' dir='ltr'>de</span> <span class='ocrx_word' id='word_1_181' title='bbox 536 2339 623 2390; x_wconf 83' lang='lat' dir='ltr'>Patre</span> <span class='ocrx_word' id='word_1_182' title='bbox 635 2339 847 2404; x_wconf 80' lang='lat' dir='ltr'>principaliter,</span> <span class='ocrx_word' id='word_1_183' title='bbox 862 2346 888 2389; x_wconf 88' lang='lat' dir='ltr'>et</span> <span class='ocrx_word' id='word_1_184' title='bbox 905 2338 963 2404; x_wconf 89' lang='lat' dir='ltr'>ipso</span> <span class='ocrx_word' id='word_1_185' title='bbox 982 2339 1043 2390; x_wconf 78' lang='lat' dir='ltr'>siae</span> <span class='ocrx_word' id='word_1_186' title='bbox 1054 2341 1115 2391; x_wconf 82' lang='lat' dir='ltr'>ullo</span> <span class='ocrx_word' id='word_1_187' title='bbox 1127 2342 1259 2408; x_wconf 85' lang='lat' dir='ltr'>temporis</span> <span class='ocrx_word' id='word_1_188' title='bbox 1272 2329 1505 2407; x_wconf 70' lang='lat' dir='ltr'>teeewa1²⁰</span> 
     </span>
     <span class='ocr_line' id='line_1_21' title="bbox 260 2427 1511 2496; baseline 0.006 -17"><span class='ocrx_word' id='word_1_189' title='bbox 260 2429 354 2494; x_wconf 81' lang='lat' dir='ltr'>dante,</span> <span class='ocrx_word' id='word_1_190' title='bbox 368 2429 546 2481; x_wconf 80' lang='lat' dir='ltr'>communiter</span> <span class='ocrx_word' id='word_1_191' title='bbox 566 2428 599 2479; x_wconf 85' lang='lat' dir='ltr'>ds</span> <span class='ocrx_word' id='word_1_192' title='bbox 616 2436 735 2495; x_wconf 80' lang='lat' dir='ltr'>utroque</span> <span class='ocrx_word' id='word_1_193' title='bbox 748 2427 943 2494; x_wconf 82' lang='lat' dir='ltr'>procedit...A</span> <span class='ocrx_word' id='word_1_194' title='bbox 957 2444 1012 2496; x_wconf 89' lang='lat' dir='ltr'>quo</span> <span class='ocrx_word' id='word_1_195' title='bbox 1024 2429 1112 2487; x_wconf 85' lang='lat' dir='ltr'>habet</span> <span class='ocrx_word' id='word_1_196' title='bbox 1124 2430 1218 2484; x_wconf 81' lang='lat' dir='ltr'>Filius</span> <span class='ocrx_word' id='word_1_197' title='bbox 1233 2434 1268 2485; x_wconf 89' lang='lat' dir='ltr'>ut</span> <span class='ocrx_word' id='word_1_198' title='bbox 1283 2434 1327 2487; x_wconf 87' lang='lat' dir='ltr'>sit</span> <span class='ocrx_word' id='word_1_199' title='bbox 1341 2428 1511 2492; x_wconf 59' lang='lat' dir='ltr'>Deasst</span> 
     </span>
     <span class='ocr_line' id='line_1_22' title="bbox 260 2499 1520 2589; baseline 0.004 -17"><span class='ocrx_word' id='word_1_200' title='bbox 260 2522 304 2572; x_wconf 85' lang='lat' dir='ltr'>est</span> <span class='ocrx_word' id='word_1_201' title='bbox 322 2518 397 2570; x_wconf 89' lang='lat' dir='ltr'>enlm</span> <span class='ocrx_word' id='word_1_202' title='bbox 417 2516 451 2570; x_wconf 91' lang='lat' dir='ltr'>de</span> <span class='ocrx_word' id='word_1_203' title='bbox 469 2519 526 2571; x_wconf 90' lang='lat' dir='ltr'>Deo</span> <span class='ocrx_word' id='word_1_204' title='bbox 545 2519 628 2584; x_wconf 81' lang='lat' dir='ltr'>Dens;</span> <span class='ocrx_word' id='word_1_205' title='bbox 644 2519 678 2568; x_wconf 81' lang='lat' dir='ltr'>ct</span> <span class='ocrx_word' id='word_1_206' title='bbox 696 2518 748 2568; x_wconf 86' lang='lat' dir='ltr'>illo</span> <span class='ocrx_word' id='word_1_207' title='bbox 768 2517 851 2568; x_wconf 77' lang='lat' dir='ltr'>tabet</span> <span class='ocrx_word' id='word_1_208' title='bbox 868 2517 973 2582; x_wconf 77' lang='lat' dir='ltr'>utique,</span> <span class='ocrx_word' id='word_1_209' title='bbox 995 2524 1027 2568; x_wconf 84' lang='lat' dir='ltr'>ut</span> <span class='ocrx_word' id='word_1_210' title='bbox 1045 2517 1079 2568; x_wconf 82' lang='lat' dir='ltr'>de</span> <span class='ocrx_word' id='word_1_211' title='bbox 1105 2517 1159 2569; x_wconf 83' lang='lat' dir='ltr'>iiio</span> <span class='ocrx_word' id='word_1_212' title='bbox 1184 2518 1269 2574; x_wconf 83' lang='lat' dir='ltr'>stium</span> <span class='ocrx_word' id='word_1_213' title='bbox 1291 2499 1520 2589; x_wconf 43' lang='lat' dir='ltr'>proceda</span> 
     </span>
     <span class='ocr_line' id='line_1_23' title="bbox 247 2587 1526 2677; baseline 0.007 -18"><span class='ocrx_word' id='word_1_214' title='bbox 247 2606 382 2673; x_wconf 65' lang='lat' dir='ltr'>,Spiritus</span> <span class='ocrx_word' id='word_1_215' title='bbox 399 2610 528 2671; x_wconf 80' lang='lat' dir='ltr'>Sanctus,-</span> <span class='ocrx_word' id='word_1_216' title='bbox 545 2623 576 2658; x_wconf 89' lang='lat' dir='ltr'>ac</span> <span class='ocrx_word' id='word_1_217' title='bbox 589 2623 642 2672; x_wconf 87' lang='lat' dir='ltr'>per</span> <span class='ocrx_word' id='word_1_218' title='bbox 659 2607 711 2657; x_wconf 73' lang='lat' dir='ltr'>icoc</span> <span class='ocrx_word' id='word_1_219' title='bbox 728 2605 850 2671; x_wconf 78' lang='lat' dir='ltr'>Spiritus</span> <span class='ocrx_word' id='word_1_220' title='bbox 868 2607 995 2669; x_wconf 76' lang='lat' dir='ltr'>Sanetus,</span> <span class='ocrx_word' id='word_1_221' title='bbox 1009 2613 1042 2656; x_wconf 83' lang='lat' dir='ltr'>ut</span> <span class='ocrx_word' id='word_1_222' title='bbox 1055 2604 1139 2674; x_wconf 71' lang='lat' dir='ltr'>etiam</span> <span class='ocrx_word' id='word_1_223' title='bbox 1153 2607 1186 2658; x_wconf 82' lang='lat' dir='ltr'>de</span> <span class='ocrx_word' id='word_1_224' title='bbox 1199 2609 1280 2661; x_wconf 79' lang='lat' dir='ltr'>Filio</span> <span class='ocrx_word' id='word_1_225' title='bbox 1290 2587 1526 2677; x_wconf 50' lang='lat' dir='ltr'>procedat</span> 
     </span>
     <span class='ocr_line' id='line_1_24' title="bbox 258 2671 1531 2763; baseline 0.004 -15"><span class='ocrx_word' id='word_1_226' title='bbox 258 2697 330 2749; x_wconf 81' lang='lat' dir='ltr'>siout</span> <span class='ocrx_word' id='word_1_227' title='bbox 343 2697 472 2763; x_wconf 83' lang='lat' dir='ltr'>procedit</span> <span class='ocrx_word' id='word_1_228' title='bbox 491 2697 524 2747; x_wconf 86' lang='lat' dir='ltr'>dc</span> <span class='ocrx_word' id='word_1_229' title='bbox 543 2699 637 2761; x_wconf 84' lang='lat' dir='ltr'>Putre,</span> <span class='ocrx_word' id='word_1_230' title='bbox 660 2698 693 2748; x_wconf 83' lang='lat' dir='ltr'>ab</span> <span class='ocrx_word' id='word_1_231' title='bbox 713 2695 773 2762; x_wconf 86' lang='lat' dir='ltr'>ipso</span> <span class='ocrx_word' id='word_1_232' title='bbox 792 2697 875 2747; x_wconf 77' lang='lat' dir='ltr'>tutet</span> <span class='ocrx_word' id='word_1_233' title='bbox 894 2696 979 2747; x_wconf 84' lang='lat' dir='ltr'>Patre</span> <span class='ocrx_word' id='word_1_234' title='bbox 994 2715 1007 2743; x_wconf 84' lang='lat' dir='ltr'><em>n</em></span> <span class='ocrx_word' id='word_1_235' title='bbox 1023 2711 1047 2749; x_wconf 82' lang='lat' dir='ltr'>s.</span> <span class='ocrx_word' id='word_1_236' title='bbox 1061 2696 1183 2761; x_wconf 78' lang='lat' dir='ltr'>August.</span> <span class='ocrx_word' id='word_1_237' title='bbox 1200 2698 1310 2753; x_wconf 72' lang='lat' dir='ltr'>urinis.</span> <span class='ocrx_word' id='word_1_238' title='bbox 1329 2703 1352 2758; x_wconf 68' lang='lat'>1,</span> <span class='ocrx_word' id='word_1_239' title='bbox 1367 2703 1412 2758; x_wconf 75' lang='lat' dir='ltr'>X,</span> <span class='ocrx_word' id='word_1_240' title='bbox 1429 2671 1531 2728; x_wconf 48' lang='lat' dir='ltr'>‘q&#39;</span> 
     </span>
     <span class='ocr_line' id='line_1_25' title="bbox 259 2773 1535 2855; baseline 0.003 -15"><span class='ocrx_word' id='word_1_241' title='bbox 259 2801 288 2841; x_wconf 86' lang='lat' dir='ltr'>u.</span> <span class='ocrx_word' id='word_1_242' title='bbox 302 2788 465 2840; x_wconf 70' lang='lat' dir='ltr'>tutelam</span> <span class='ocrx_word' id='word_1_243' title='bbox 485 2790 576 2854; x_wconf 88' lang='lat' dir='ltr'>patet,</span> <span class='ocrx_word' id='word_1_244' title='bbox 593 2784 728 2854; x_wconf 86' lang='lat' dir='ltr'>quomodo</span> <span class='ocrx_word' id='word_1_245' title='bbox 747 2783 871 2851; x_wconf 87' lang='lat' dir='ltr'>Spiritus</span> <span class='ocrx_word' id='word_1_246' title='bbox 899 2782 1034 2850; x_wconf 90' lang='lat' dir='ltr'>procedat</span> <span class='ocrx_word' id='word_1_247' title='bbox 1062 2784 1095 2835; x_wconf 82' lang='lat' dir='ltr'>de</span> <span class='ocrx_word' id='word_1_248' title='bbox 1113 2785 1200 2836; x_wconf 84' lang='lat' dir='ltr'>Patre</span> <span class='ocrx_word' id='word_1_249' title='bbox 1211 2787 1404 2855; x_wconf 62' lang='lat' dir='ltr'>principali?</span> <span class='ocrx_word' id='word_1_250' title='bbox 1412 2773 1535 2831; x_wconf 42' lang='grc' dir='ltr'>θ’</span> 
     </span>
     <span class='ocr_line' id='line_1_26' title="bbox 260 2861 1539 2946; baseline -0.003 -17"><span class='ocrx_word' id='word_1_251' title='bbox 260 2883 290 2929; x_wconf 89' lang='lat' dir='ltr'>et</span> <span class='ocrx_word' id='word_1_252' title='bbox 307 2880 402 2929; x_wconf 84' lang='lat' dir='ltr'>tamen</span> <span class='ocrx_word' id='word_1_253' title='bbox 422 2878 455 2929; x_wconf 79' lang='lat' dir='ltr'>ds</span> <span class='ocrx_word' id='word_1_254' title='bbox 472 2888 591 2944; x_wconf 79' lang='lat' dir='ltr'>utroque</span> <span class='ocrx_word' id='word_1_255' title='bbox 610 2874 800 2928; x_wconf 72' lang='lat' dir='ltr'>communiter.</span> <span class='ocrx_word' id='word_1_256' title='bbox 818 2895 830 2920; x_wconf 70' lang='lat' dir='ltr'><em>a</em></span> <span class='ocrx_word' id='word_1_257' title='bbox 850 2872 918 2926; x_wconf 91' lang='lat' dir='ltr'>Ideo</span> <span class='ocrx_word' id='word_1_258' title='bbox 937 2871 1058 2945; x_wconf 77' lang='lat' dir='ltr'>(inquit)</span> <span class='ocrx_word' id='word_1_259' title='bbox 1085 2874 1195 2941; x_wconf 72' lang='lat' dir='ltr'>addidi,</span> <span class='ocrx_word' id='word_1_260' title='bbox 1212 2861 1539 2946; x_wconf 54' lang='lat' dir='ltr'>principalitffi&#39;</span> 
     </span>
     <span class='ocr_line' id='line_1_27' title="bbox 259 2947 1544 3040; baseline 0.003 -21"><span class='ocrx_word' id='word_1_261' title='bbox 259 2967 328 3034; x_wconf 86' lang='lat' dir='ltr'>quia</span> <span class='ocrx_word' id='word_1_262' title='bbox 347 2972 376 3019; x_wconf 88' lang='lat' dir='ltr'>et</span> <span class='ocrx_word' id='word_1_263' title='bbox 395 2966 427 3019; x_wconf 91' lang='lat' dir='ltr'>de</span> <span class='ocrx_word' id='word_1_264' title='bbox 447 2967 523 3020; x_wconf 83' lang='lat' dir='ltr'>Filio</span> <span class='ocrx_word' id='word_1_265' title='bbox 542 2966 669 3033; x_wconf 87' lang='lat' dir='ltr'>Spiritus</span> <span class='ocrx_word' id='word_1_266' title='bbox 689 2964 808 3019; x_wconf 89' lang='lat' dir='ltr'>Sanetus</span> <span class='ocrx_word' id='word_1_267' title='bbox 827 2962 976 3030; x_wconf 85' lang='lat' dir='ltr'>procedere</span> <span class='ocrx_word' id='word_1_268' title='bbox 996 2963 1149 3030; x_wconf 88' lang='lat' dir='ltr'>reperitnr;</span> <span class='ocrx_word' id='word_1_269' title='bbox 1163 2965 1210 3016; x_wconf 83' lang='lat' dir='ltr'>sed</span> <span class='ocrx_word' id='word_1_270' title='bbox 1230 2957 1291 3019; x_wconf 68' lang='lat' dir='ltr'>‘icoc</span> <span class='ocrx_word' id='word_1_271' title='bbox 1320 2980 1431 3040; x_wconf 59' lang='lat' dir='ltr'>psol</span> <span class='ocrx_word' id='word_1_272' title='bbox 1439 2947 1544 3003; x_wconf 52' lang='grc' dir='ltr'>ἰω</span> 
     </span>
     <span class='ocr_line' id='line_1_28' title="bbox 258 3018 1543 3129; baseline 0.003 -22"><span class='ocrx_word' id='word_1_273' title='bbox 258 3057 307 3108; x_wconf 82' lang='lat' dir='ltr'>illi</span> <span class='ocrx_word' id='word_1_274' title='bbox 325 3058 410 3109; x_wconf 85' lang='lat' dir='ltr'>Pater</span> <span class='ocrx_word' id='word_1_275' title='bbox 429 3057 587 3120; x_wconf 83' lang='lat' dir='ltr'>dedit,non</span> <span class='ocrx_word' id='word_1_276' title='bbox 608 3057 663 3109; x_wconf 87' lang='lat' dir='ltr'>iam</span> <span class='ocrx_word' id='word_1_277' title='bbox 683 3055 824 3108; x_wconf 84' lang='lat' dir='ltr'>existenti</span> <span class='ocrx_word' id='word_1_278' title='bbox 843 3056 872 3106; x_wconf 90' lang='lat' dir='ltr'>et</span> <span class='ocrx_word' id='word_1_279' title='bbox 900 3051 1024 3106; x_wconf 89' lang='lat' dir='ltr'>nondum</span> <span class='ocrx_word' id='word_1_280' title='bbox 1051 3052 1181 3121; x_wconf 87' lang='lat' dir='ltr'>habenti,</span> <span class='ocrx_word' id='word_1_281' title='bbox 1204 3054 1254 3108; x_wconf 89' lang='lat' dir='ltr'>sed</span> <span class='ocrx_word' id='word_1_282' title='bbox 1284 3057 1429 3129; x_wconf 69' lang='lat' dir='ltr'>quidqu</span> <span class='ocrx_word' id='word_1_283' title='bbox 1440 3018 1543 3098; x_wconf 57' lang='lat' dir='ltr'>,d</span> 
     </span>
     <span class='ocr_line' id='line_1_29' title="bbox 259 3127 1546 3224; baseline 0.005 -26"><span class='ocrx_word' id='word_1_284' title='bbox 259 3146 408 3212; x_wconf 72' lang='lat' dir='ltr'>unigenito</span> <span class='ocrx_word' id='word_1_285' title='bbox 428 3148 520 3200; x_wconf 72' lang='lat' dir='ltr'>verso</span> <span class='ocrx_word' id='word_1_286' title='bbox 540 3146 628 3211; x_wconf 72' lang='lat' dir='ltr'>cerri,</span> <span class='ocrx_word' id='word_1_287' title='bbox 645 3144 789 3213; x_wconf 56' lang='lat' dir='ltr'>,effaetas</span> <span class='ocrx_word' id='word_1_288' title='bbox 809 3143 1081 3224; x_wconf 55' lang='lat' dir='ltr'>aettttibidnte.</span> <span class='ocrx_word' id='word_1_289' title='bbox 1101 3145 1176 3197; x_wconf 72' lang='lat' dir='ltr'>«rete</span> <span class='ocrx_word' id='word_1_290' title='bbox 1190 3127 1546 3216; x_wconf 51' lang='lat' dir='ltr'>sitientissime*1⁸</span> 
     </span>
     <span class='ocr_line' id='line_1_30' title="bbox 259 3219 1545 3304; baseline 0.001 -14"><span class='ocrx_word' id='word_1_291' title='bbox 259 3223 416 3304; x_wconf 85' lang='lat' dir='ltr'>utriusque,</span> <span class='ocrx_word' id='word_1_292' title='bbox 439 3238 570 3303; x_wconf 89' lang='lat' dir='ltr'>quoniam</span> <span class='ocrx_word' id='word_1_293' title='bbox 582 3237 746 3302; x_wconf 88' lang='lat' dir='ltr'>deutroque</span> <span class='ocrx_word' id='word_1_294' title='bbox 766 3232 965 3300; x_wconf 76' lang='lat' dir='ltr'>procedit3sed</span> <span class='ocrx_word' id='word_1_295' title='bbox 985 3232 1058 3296; x_wconf 87' lang='lat' dir='ltr'>ideo,</span> <span class='ocrx_word' id='word_1_296' title='bbox 1075 3249 1134 3286; x_wconf 87' lang='lat' dir='ltr'>oum</span> <span class='ocrx_word' id='word_1_297' title='bbox 1154 3234 1187 3286; x_wconf 92' lang='lat' dir='ltr'>de</span> <span class='ocrx_word' id='word_1_298' title='bbox 1206 3235 1260 3288; x_wconf 87' lang='lat' dir='ltr'>tll&#39;o</span> <span class='ocrx_word' id='word_1_299' title='bbox 1278 3236 1379 3294; x_wconf 77' lang='lat' dir='ltr'>rinus</span> <span class='ocrx_word' id='word_1_300' title='bbox 1399 3232 1441 3291; x_wconf 81' lang='grc'>1</span> <span class='ocrx_word' id='word_1_301' title='bbox 1461 3219 1545 3259; x_wconf 63' lang='lat'>‘⁰&#39;</span> 
     </span>
     <span class='ocr_line' id='line_1_31' title="bbox 260 3301 1546 3394; baseline -0.003 -15"><span class='ocrx_word' id='word_1_302' title='bbox 260 3334 405 3394; x_wconf 88' lang='lat' dir='ltr'>queretur,</span> <span class='ocrx_word' id='word_1_303' title='bbox 421 3328 474 3393; x_wconf 86' lang='lat' dir='ltr'>ait,</span> <span class='ocrx_word' id='word_1_304' title='bbox 490 3326 523 3378; x_wconf 90' lang='lat' dir='ltr'>de</span> <span class='ocrx_word' id='word_1_305' title='bbox 544 3328 629 3378; x_wconf 86' lang='lat' dir='ltr'>Patra</span> <span class='ocrx_word' id='word_1_306' title='bbox 655 3323 793 3392; x_wconf 88' lang='lat' dir='ltr'>procedit,</span> <span class='ocrx_word' id='word_1_307' title='bbox 819 3324 952 3390; x_wconf 78' lang='lat' dir='ltr'>quoniam</span> <span class='ocrx_word' id='word_1_308' title='bbox 977 3323 1063 3374; x_wconf 86' lang='lat' dir='ltr'>Pater</span> <span class='ocrx_word' id='word_1_309' title='bbox 1084 3325 1274 3388; x_wconf 74' lang='lat' dir='ltr'>processionis</span> <span class='ocrx_word' id='word_1_310' title='bbox 1300 3328 1367 3382; x_wconf 74' lang='lat' dir='ltr'>sius</span> <span class='ocrx_word' id='word_1_311' title='bbox 1403 3301 1546 3375; x_wconf 45' lang='lat' dir='ltr'><em>d</em></span> 
     </span>
     <span class='ocr_line' id='line_1_32' title="bbox 260 3393 1544 3488; baseline 0.004 -20"><span class='ocrx_word' id='word_1_312' title='bbox 260 3426 366 3480; x_wconf 81' lang='lat' dir='ltr'>auctor,</span> <span class='ocrx_word' id='word_1_313' title='bbox 388 3417 437 3483; x_wconf 82' lang='lat' dir='ltr'>qai</span> <span class='ocrx_word' id='word_1_314' title='bbox 451 3419 534 3477; x_wconf 78' lang='lat' dir='ltr'>talem</span> <span class='ocrx_word' id='word_1_315' title='bbox 552 3415 659 3466; x_wconf 78' lang='lat' dir='ltr'>Filiam</span> <span class='ocrx_word' id='word_1_316' title='bbox 677 3415 776 3482; x_wconf 29' lang='lat' dir='ltr'>pertrait</span> <span class='ocrx_word' id='word_1_317' title='bbox 795 3420 820 3463; x_wconf 84' lang='lat' dir='ltr'>et</span> <span class='ocrx_word' id='word_1_318' title='bbox 838 3413 983 3479; x_wconf 74' lang='lat' dir='ltr'>pipaeado</span> <span class='ocrx_word' id='word_1_319' title='bbox 1004 3415 1029 3464; x_wconf 86' lang='lat' dir='ltr'>ci</span> <span class='ocrx_word' id='word_1_320' title='bbox 1047 3393 1181 3479; x_wconf 61' lang='lat' dir='ltr'>deditsut</span> <span class='ocrx_word' id='word_1_321' title='bbox 1199 3424 1225 3467; x_wconf 89' lang='lat' dir='ltr'>et</span> <span class='ocrx_word' id='word_1_322' title='bbox 1244 3416 1279 3468; x_wconf 78' lang='lat' dir='ltr'>te</span> <span class='ocrx_word' id='word_1_323' title='bbox 1293 3419 1359 3487; x_wconf 82' lang='lat' dir='ltr'>ipso</span> <span class='ocrx_word' id='word_1_324' title='bbox 1367 3429 1441 3488; x_wconf 72' lang='lat' dir='ltr'>pr</span> <span class='ocrx_word' id='word_1_325' title='bbox 1521 3404 1544 3440; x_wconf 63' lang='grc' dir='ltr'>θ’</span> 
     </span>
     <span class='ocr_line' id='line_1_33' title="bbox 252 3493 1543 3572; baseline -0.003 -13"><span class='ocrx_word' id='word_1_326' title='bbox 252 3506 364 3565; x_wconf 65' lang='grc' dir='ltr'>,σαάενσι</span> <span class='ocrx_word' id='word_1_327' title='bbox 381 3505 502 3572; x_wconf 82' lang='lat' dir='ltr'>Spiritus</span> <span class='ocrx_word' id='word_1_328' title='bbox 519 3504 724 3557; x_wconf 78' lang='lat' dir='ltr'>Sanctasnid.</span> <span class='ocrx_word' id='word_1_329' title='bbox 745 3503 997 3556; x_wconf 60' lang='lat' dir='ltr'>eontrdlaximin.</span> <span class='ocrx_word' id='word_1_330' title='bbox 1014 3504 1035 3557; x_wconf 89' lang='lat'>1.</span> <span class='ocrx_word' id='word_1_331' title='bbox 1052 3504 1092 3561; x_wconf 88' lang='lat'>11.</span> <span class='ocrx_word' id='word_1_332' title='bbox 1108 3521 1131 3558; x_wconf 92' lang='lat' dir='ltr'>c.</span> <span class='ocrx_word' id='word_1_333' title='bbox 1159 3505 1203 3560; x_wconf 83' lang='lat'>14.</span> <span class='ocrx_word' id='word_1_334' title='bbox 1219 3521 1248 3560; x_wconf 87' lang='lat' dir='ltr'>n.</span> <span class='ocrx_word' id='word_1_335' title='bbox 1274 3509 1300 3562; x_wconf 86' lang='lat'>1.</span> <span class='ocrx_word' id='word_1_336' title='bbox 1330 3529 1345 3558; x_wconf 73' lang='lat' dir='ltr'>a</span> <span class='ocrx_word' id='word_1_337' title='bbox 1370 3493 1543 3564; x_wconf 49' lang='lat' dir='ltr'>rufin</span> 
     </span>
     <span class='ocr_line' id='line_1_34' title="bbox 259 3585 1541 3663; baseline 0.006 -15"><span class='ocrx_word' id='word_1_338' title='bbox 259 3596 345 3662; x_wconf 83' lang='lat' dir='ltr'>dixit,</span> <span class='ocrx_word' id='word_1_339' title='bbox 362 3611 444 3663; x_wconf 88' lang='lat' dir='ltr'>qoem</span> <span class='ocrx_word' id='word_1_340' title='bbox 464 3597 562 3647; x_wconf 88' lang='lat' dir='ltr'>mittet</span> <span class='ocrx_word' id='word_1_341' title='bbox 580 3595 696 3645; x_wconf 83' lang='lat' dir='ltr'>Pater-c</span> <span class='ocrx_word' id='word_1_342' title='bbox 714 3609 763 3656; x_wconf 85' lang='lat' dir='ltr'>me,</span> <span class='ocrx_word' id='word_1_343' title='bbox 786 3592 1014 3660; x_wconf 89' lang='lat' dir='ltr'>quemadmodum</span> <span class='ocrx_word' id='word_1_344' title='bbox 1034 3593 1119 3660; x_wconf 86' lang='lat' dir='ltr'>dixit,</span> <span class='ocrx_word' id='word_1_345' title='bbox 1142 3609 1224 3662; x_wconf 85' lang='lat' dir='ltr'>quem</span> <span class='ocrx_word' id='word_1_346' title='bbox 1242 3612 1297 3662; x_wconf 75' lang='lat' dir='ltr'>ego</span> <span class='ocrx_word' id='word_1_347' title='bbox 1314 3585 1541 3656; x_wconf 55' lang='lat' dir='ltr'>mitt25m</span> 
     </span>
     <span class='ocr_line' id='line_1_35' title="bbox 258 3675 1543 3762; baseline -0.001 -24"><span class='ocrx_word' id='word_1_348' title='bbox 258 3685 341 3739; x_wconf 82' lang='lat' dir='ltr'>vobis</span> <span class='ocrx_word' id='word_1_349' title='bbox 362 3703 378 3736; x_wconf 86' lang='lat' dir='ltr'>a</span> <span class='ocrx_word' id='word_1_350' title='bbox 397 3686 492 3747; x_wconf 71' lang='lat' dir='ltr'>Patra·</span> <span class='ocrx_word' id='word_1_351' title='bbox 507 3683 644 3738; x_wconf 86' lang='lat' dir='ltr'>videlicet</span> <span class='ocrx_word' id='word_1_352' title='bbox 663 3683 826 3749; x_wconf 89' lang='lat' dir='ltr'>ostendens,</span> <span class='ocrx_word' id='word_1_353' title='bbox 842 3682 917 3749; x_wconf 80' lang='lat' dir='ltr'>quod</span> <span class='ocrx_word' id='word_1_354' title='bbox 935 3682 1022 3733; x_wconf 82' lang='lat' dir='ltr'>totins</span> <span class='ocrx_word' id='word_1_355' title='bbox 1040 3681 1203 3736; x_wconf 80' lang='lat' dir='ltr'>divinitatis</span> <span class='ocrx_word' id='word_1_356' title='bbox 1220 3688 1273 3750; x_wconf 84' lang='lat' dir='ltr'>sel,</span> <span class='ocrx_word' id='word_1_357' title='bbox 1288 3687 1316 3739; x_wconf 88' lang='lat' dir='ltr'>si</span> <span class='ocrx_word' id='word_1_358' title='bbox 1333 3675 1543 3762; x_wconf 55' lang='lat' dir='ltr'>mered?</span> 
     </span>
     <span class='ocr_line' id='line_1_36' title="bbox 259 3763 1541 3839; baseline -0.002 -11"><span class='ocrx_word' id='word_1_359' title='bbox 259 3775 374 3838; x_wconf 82' lang='lat' dir='ltr'>dicitur,</span> <span class='ocrx_word' id='word_1_360' title='bbox 397 3775 509 3826; x_wconf 82' lang='lat' dir='ltr'>deitatis</span> <span class='ocrx_word' id='word_1_361' title='bbox 522 3774 694 3839; x_wconf 78' lang='lat' dir='ltr'>principiam</span> <span class='ocrx_word' id='word_1_362' title='bbox 713 3775 797 3824; x_wconf 83' lang='lat' dir='ltr'>Pater</span> <span class='ocrx_word' id='word_1_363' title='bbox 815 3780 865 3824; x_wconf 84' lang='lat' dir='ltr'>est.-</span> <span class='ocrx_word' id='word_1_364' title='bbox 880 3773 929 3839; x_wconf 88' lang='lat' dir='ltr'>qui</span> <span class='ocrx_word' id='word_1_365' title='bbox 947 3787 1012 3836; x_wconf 79' lang='lat' dir='ltr'>ergo</span> <span class='ocrx_word' id='word_1_366' title='bbox 1033 3789 1050 3822; x_wconf 84' lang='lat' dir='ltr'>a</span> <span class='ocrx_word' id='word_1_367' title='bbox 1063 3772 1149 3823; x_wconf 83' lang='lat' dir='ltr'>Patre</span> <span class='ocrx_word' id='word_1_368' title='bbox 1161 3775 1292 3839; x_wconf 80' lang='lat' dir='ltr'>procedit</span> <span class='ocrx_word' id='word_1_369' title='bbox 1310 3763 1541 3832; x_wconf 51' lang='lat' dir='ltr'>cth&#39;l‘w</span> 
     </span>
     <span class='ocr_line' id='line_1_37' title="bbox 256 3845 1542 3943; baseline -0.007 -22"><span class='ocrx_word' id='word_1_370' title='bbox 256 3865 301 3943; x_wconf 85' lang='lat' dir='ltr'>(ut</span> <span class='ocrx_word' id='word_1_371' title='bbox 319 3871 350 3921; x_wconf 89' lang='lat' dir='ltr'>in</span> <span class='ocrx_word' id='word_1_372' title='bbox 369 3867 603 3920; x_wconf 85' lang='lat' dir='ltr'>antecedentibus</span> <span class='ocrx_word' id='word_1_373' title='bbox 614 3861 909 3933; x_wconf 85' lang='lat' dir='ltr'>pluribusdocuerat),</span> <span class='ocrx_word' id='word_1_374' title='bbox 927 3863 964 3914; x_wconf 82' lang='lat' dir='ltr'>ad</span> <span class='ocrx_word' id='word_1_375' title='bbox 982 3879 1041 3914; x_wconf 83' lang='lat' dir='ltr'>eum</span> <span class='ocrx_word' id='word_1_376' title='bbox 1059 3863 1276 3932; x_wconf 76' lang='lat' dir='ltr'>reses-turaque</span> <span class='ocrx_word' id='word_1_377' title='bbox 1294 3877 1383 3924; x_wconf 79' lang='lat' dir='ltr'>sectus</span> <span class='ocrx_word' id='word_1_378' title='bbox 1410 3845 1542 3912; x_wconf 41' lang='grc' dir='ltr'>Ἀθ</span> 
     </span>
     <span class='ocr_line' id='line_1_38' title="bbox 257 3944 1542 4029; baseline -0.004 -17"><span class='ocrx_word' id='word_1_379' title='bbox 257 3959 351 4012; x_wconf 80' lang='lat' dir='ltr'>Filius</span> <span class='ocrx_word' id='word_1_380' title='bbox 366 3977 378 4005; x_wconf 77' lang='lat' dir='ltr'><em>n</em></span> <span class='ocrx_word' id='word_1_381' title='bbox 394 3957 434 4008; x_wconf 90' lang='lat' dir='ltr'>id.</span> <span class='ocrx_word' id='word_1_382' title='bbox 450 3957 529 4008; x_wconf 78' lang='lat' dir='ltr'>Trin.</span> <span class='ocrx_word' id='word_1_383' title='bbox 543 3957 593 4008; x_wconf 88' lang='lat' dir='ltr'>IV.</span> <span class='ocrx_word' id='word_1_384' title='bbox 610 3973 637 4007; x_wconf 91' lang='lat' dir='ltr'>n.</span> <span class='ocrx_word' id='word_1_385' title='bbox 649 3956 693 4008; x_wconf 85' lang='lat'>29.</span> <span class='ocrx_word' id='word_1_386' title='bbox 710 3955 886 4008; x_wconf 73' lang='lat' dir='ltr'>«Fatendum</span> <span class='ocrx_word' id='word_1_387' title='bbox 898 3957 951 4019; x_wconf 89' lang='lat' dir='ltr'>est,</span> <span class='ocrx_word' id='word_1_388' title='bbox 968 3955 1079 4004; x_wconf 83' lang='lat' dir='ltr'>Patrem</span> <span class='ocrx_word' id='word_1_389' title='bbox 1093 3961 1117 4004; x_wconf 88' lang='lat' dir='ltr'>et</span> <span class='ocrx_word' id='word_1_390' title='bbox 1131 3953 1240 4029; x_wconf 70' lang='lat' dir='ltr'>Filium</span> <span class='ocrx_word' id='word_1_391' title='bbox 1251 3944 1542 4025; x_wconf 57' lang='lat' dir='ltr'>priretptffm</span> 
     </span>
     <span class='ocr_line' id='line_1_39' title="bbox 255 4033 1541 4113; baseline -0.001 -11"><span class='ocrx_word' id='word_1_392' title='bbox 255 4065 310 4102; x_wconf 81' lang='lat' dir='ltr'>esse</span> <span class='ocrx_word' id='word_1_393' title='bbox 328 4047 447 4113; x_wconf 81' lang='lat' dir='ltr'>Spiritus</span> <span class='ocrx_word' id='word_1_394' title='bbox 465 4047 571 4109; x_wconf 80' lang='lat' dir='ltr'>Sancti,</span> <span class='ocrx_word' id='word_1_395' title='bbox 586 4063 645 4098; x_wconf 80' lang='lat' dir='ltr'>aon</span> <span class='ocrx_word' id='word_1_396' title='bbox 665 4046 720 4097; x_wconf 81' lang='lat' dir='ltr'>duo</span> <span class='ocrx_word' id='word_1_397' title='bbox 735 4046 892 4111; x_wconf 69' lang='lat' dir='ltr'>principia,-</span> <span class='ocrx_word' id='word_1_398' title='bbox 906 4043 954 4096; x_wconf 90' lang='lat' dir='ltr'>sed</span> <span class='ocrx_word' id='word_1_399' title='bbox 975 4045 1050 4096; x_wconf 85' lang='lat' dir='ltr'>sicut</span> <span class='ocrx_word' id='word_1_400' title='bbox 1069 4045 1153 4097; x_wconf 88' lang='lat' dir='ltr'>Pater</span> <span class='ocrx_word' id='word_1_401' title='bbox 1172 4049 1202 4096; x_wconf 87' lang='lat' dir='ltr'>et</span> <span class='ocrx_word' id='word_1_402' title='bbox 1224 4046 1321 4099; x_wconf 80' lang='lat' dir='ltr'>Filius</span> <span class='ocrx_word' id='word_1_403' title='bbox 1355 4063 1411 4101; x_wconf 76' lang='lat' dir='ltr'>un</span> <span class='ocrx_word' id='word_1_404' title='bbox 1427 4033 1541 4084; x_wconf 42' lang='grc' dir='ltr'>μ’</span> 
     </span>
     <span class='ocr_line' id='line_1_40' title="bbox 256 4112 1541 4203; baseline -0.001 -12"><span class='ocrx_word' id='word_1_405' title='bbox 256 4138 341 4203; x_wconf 87' lang='lat' dir='ltr'>Dens,</span> <span class='ocrx_word' id='word_1_406' title='bbox 358 4143 387 4189; x_wconf 89' lang='lat' dir='ltr'>st</span> <span class='ocrx_word' id='word_1_407' title='bbox 406 4139 440 4189; x_wconf 87' lang='lat' dir='ltr'>ad</span> <span class='ocrx_word' id='word_1_408' title='bbox 460 4147 614 4189; x_wconf 85' lang='lat' dir='ltr'>creaturam</span> <span class='ocrx_word' id='word_1_409' title='bbox 634 4137 755 4190; x_wconf 85' lang='lat' dir='ltr'>relative</span> <span class='ocrx_word' id='word_1_410' title='bbox 777 4151 847 4188; x_wconf 87' lang='lat' dir='ltr'>unus</span> <span class='ocrx_word' id='word_1_411' title='bbox 866 4139 975 4188; x_wconf 88' lang='lat' dir='ltr'>creator</span> <span class='ocrx_word' id='word_1_412' title='bbox 995 4141 1024 4187; x_wconf 85' lang='lat' dir='ltr'>et</span> <span class='ocrx_word' id='word_1_413' title='bbox 1038 4149 1109 4192; x_wconf 88' lang='lat' dir='ltr'>unns</span> <span class='ocrx_word' id='word_1_414' title='bbox 1130 4135 1278 4202; x_wconf 89' lang='lat' dir='ltr'>Dominus,</span> <span class='ocrx_word' id='word_1_415' title='bbox 1293 4137 1336 4189; x_wconf 89' lang='lat' dir='ltr'>sic</span> <span class='ocrx_word' id='word_1_416' title='bbox 1354 4112 1541 4190; x_wconf 45' lang='grc' dir='ltr'>ναίω</span> 
     </span>
     <span class='ocr_line' id='line_1_41' title="bbox 256 4209 1541 4293; baseline -0.006 -13"><span class='ocrx_word' id='word_1_417' title='bbox 256 4226 368 4280; x_wconf 69' lang='lat' dir='ltr'>licead</span> <span class='ocrx_word' id='word_1_418' title='bbox 385 4225 519 4293; x_wconf 77' lang='lat' dir='ltr'>Spiritum</span> <span class='ocrx_word' id='word_1_419' title='bbox 536 4229 668 4279; x_wconf 80' lang='lat' dir='ltr'>Sanctum</span> <span class='ocrx_word' id='word_1_420' title='bbox 694 4238 780 4276; x_wconf 77' lang='lat' dir='ltr'>unum</span> <span class='ocrx_word' id='word_1_421' title='bbox 804 4223 988 4291; x_wconf 75' lang='lat' dir='ltr'>principium:</span> <span class='ocrx_word' id='word_1_422' title='bbox 1011 4222 1046 4276; x_wconf 88' lang='lat' dir='ltr'>ad</span> <span class='ocrx_word' id='word_1_423' title='bbox 1066 4230 1224 4278; x_wconf 84' lang='lat' dir='ltr'>creaturam</span> <span class='ocrx_word' id='word_1_424' title='bbox 1251 4222 1319 4278; x_wconf 79' lang='lat' dir='ltr'>vero</span> <span class='ocrx_word' id='word_1_425' title='bbox 1340 4227 1464 4280; x_wconf 72' lang='lat' dir='ltr'>eat.-</span> <span class='ocrx_word' id='word_1_426' title='bbox 1503 4209 1541 4261; x_wconf 62' lang='lat'>9¹</span> 
     </span>
     <span class='ocr_line' id='line_1_42' title="bbox 257 4286 1540 4384; baseline -0.002 -12"><span class='ocrx_word' id='word_1_427' title='bbox 257 4322 286 4372; x_wconf 85' lang='lat' dir='ltr'>ct</span> <span class='ocrx_word' id='word_1_428' title='bbox 305 4318 398 4370; x_wconf 79' lang='lat' dir='ltr'>Filius</span> <span class='ocrx_word' id='word_1_429' title='bbox 418 4319 447 4367; x_wconf 91' lang='lat' dir='ltr'>et</span> <span class='ocrx_word' id='word_1_430' title='bbox 466 4317 591 4381; x_wconf 85' lang='lat' dir='ltr'>Spiritus</span> <span class='ocrx_word' id='word_1_431' title='bbox 610 4317 729 4368; x_wconf 81' lang='lat' dir='ltr'>sanctos</span> <span class='ocrx_word' id='word_1_432' title='bbox 747 4329 833 4368; x_wconf 86' lang='lat' dir='ltr'>unum</span> <span class='ocrx_word' id='word_1_433' title='bbox 851 4314 1035 4384; x_wconf 77' lang='lat' dir='ltr'>principium,</span> <span class='ocrx_word' id='word_1_434' title='bbox 1052 4313 1127 4368; x_wconf 86' lang='lat' dir='ltr'>siout</span> <span class='ocrx_word' id='word_1_435' title='bbox 1152 4327 1226 4368; x_wconf 87' lang='lat' dir='ltr'>unus</span> <span class='ocrx_word' id='word_1_436' title='bbox 1254 4321 1367 4370; x_wconf 74' lang='lat' dir='ltr'>erector</span> <span class='ocrx_word' id='word_1_437' title='bbox 1510 4286 1540 4340; x_wconf 45' lang='grc' dir='ltr'>ἰ</span> 
     </span>
     <span class='ocr_line' id='line_1_43' title="bbox 258 4403 814 4463; baseline -0.007 0"><span class='ocrx_word' id='word_1_438' title='bbox 258 4422 330 4463; x_wconf 86' lang='lat' dir='ltr'>unus</span> <span class='ocrx_word' id='word_1_439' title='bbox 358 4407 495 4463; x_wconf 86' lang='lat' dir='ltr'>Dominus</span> <span class='ocrx_word' id='word_1_440' title='bbox 523 4425 535 4456; x_wconf 81' lang='lat' dir='ltr'>s</span> <span class='ocrx_word' id='word_1_441' title='bbox 552 4405 624 4463; x_wconf 85' lang='lat' dir='ltr'>ibid.</span> <span class='ocrx_word' id='word_1_442' title='bbox 638 4406 660 4460; x_wconf 88' lang='lat' dir='ltr'>l.</span> <span class='ocrx_word' id='word_1_443' title='bbox 676 4407 710 4461; x_wconf 86' lang='lat' dir='ltr'>V.</span> <span class='ocrx_word' id='word_1_444' title='bbox 723 4421 752 4460; x_wconf 68' lang='lat' dir='ltr'>n.</span> <span class='ocrx_word' id='word_1_445' title='bbox 769 4403 814 4459; x_wconf 79' lang='lat'>1⁵.</span> 
     </span>
    </p>
   </div>
   <div class='ocr_carea' id='block_1_5' title="bbox 0 0 1564 4988">
    <p class='ocr_par' dir='ltr' id='par_1_7' title="bbox 0 0 1564 4988">
     <span class='ocr_line' id='line_1_44' title="bbox 0 0 1564 4988; baseline 0 0"><span class='ocrx_word' id='word_1_446' title='bbox 0 0 1564 4988; x_wconf 95' lang='lat' dir='ltr'> </span> 
     </span>
    </p>
   </div>
  </div>
 </body>
</html>
