3120 4988
696 271 736 285 -
755 237 794 299 56
814 268 853 284 .-

189 349 361 439 quuitur.
377 346 634 414 Protestantem
648 345 778 432 Lampe
795 349 998 432 ceterosque
1015 341 1091 409 sive
1107 336 1369 407 Rationalistas

190 457 267 523 sive
291 454 459 522 sectarios
483 453 583 535 alios,
610 474 696 541 quos
721 454 925 540 frequenter
950 455 1072 516 contra
1096 445 1291 515 doctrinam
1311 466 1371 511 ca-

189 563 355 632 tholioam
380 563 546 629 inducere
569 561 670 644 solet,
690 582 758 626 non
775 560 906 627 nostris
924 560 996 641 sed,
1017 557 1142 625 saltem
1159 555 1274 647 quoad
1288 553 1371 620 fun·

189 669 389 737 damentale
406 668 618 755 principium
644 666 856 748 rebellionis,
876 666 950 732 suis
967 672 1205 747 connumeret,
1224 662 1369 729 habeat·

189 800 255 867 que
280 777 361 844 sibi.
390 776 521 843 Verum
545 775 640 843 inter
664 797 733 857 eos,
754 797 839 864 quos
862 773 1041 841 Macarius
1067 771 1288 837 heterodoxos
1312 791 1372 857 ap·

189 885 311 973 pellat,
339 890 422 950 sunt
439 908 489 950 ss.
504 884 629 951 Patres
644 889 680 950 et
707 882 840 949 vetusti
858 883 1018 949 doctores
1033 903 1100 947 non
1114 878 1228 946 minus
1249 876 1373 966 graeci

192 1014 294 1082 quam
320 990 438 1069 latini,
463 991 533 1056 imo
556 990 703 1077 ipsemet
727 989 875 1056 Ioannes
896 986 1102 1076 Apostolus.
1128 984 1186 1052 Ita
1201 985 1293 1052 enim
1310 1006 1372 1051 no·

192 1120 268 1164 men
292 1096 358 1165 Dei
383 1111 468 1172 mm
499 1125 514 1159 c
533 1098 597 1186 qai
621 1109 682 1175 est,
711 1095 788 1160 ὀών
809 1122 825 1156 n
843 1095 905 1161 ille
921 1094 1178 1169 declaratzcitto
1197 1117 1258 1159 coc
1277 1093 1292 1156 ὁ
1311 1094 1370 1175 ὠν,

192 1229 250 1271 και
277 1207 294 1269 ὁ
318 1205 382 1288 η’ν,
409 1207 498 1269 iacti
518 1206 692 1297 ἐρχομενος
717 1205 827 1292 Apoc.
847 1203 876 1270 I.
895 1203 928 1270 4.
948 1204 988 1289 83
1007 1203 1071 1270 IV.
1089 1203 1122 1269 8.
1140 1201 1227 1269 Inde
1243 1200 1374 1268 didicit

193 1313 353 1380 Iustinus
377 1322 527 1400 martyr,
555 1313 645 1402 quod
671 1313 734 1378 ait:
763 1313 879 1379 chaeo
904 1333 984 1394 vox,
1012 1314 1074 1400 qai
1098 1323 1147 1376 est
1171 1313 1187 1374 ὁ
1210 1310 1276 1392 ὠν,
1300 1331 1372 1375 non

194 1444 301 1487 nuum
325 1421 509 1487 dumtaxat
544 1426 681 1507 tempus
705 1419 888 1506 significat
923 1417 982 1484 sed
1007 1421 1100 1496 tric,
1125 1419 1370 1505 praeteritam,

188 1549 352 1614 praesens
378 1540 409 1591 et
419 1526 615 1613 futorum»
636 1528 715 1618 (οὐχ
733 1528 792 1590 ἕνα
810 1549 909 1616 μονον
930 1549 1047 1617 χρονον
1068 1528 1250 1602 ἄλλαι-ους
1268 1548 1369 1614 speie,

195 1658 254 1701 τον
280 1658 318 1698 τε
345 1631 623 1723 παρεληλυθοτα,
641 1657 698 1697 και
723 1657 782 1699 τον
808 1634 994 1715 insecutos,
1015 1655 1073 1696 και
1099 1656 1158 1698 τον
1184 1633 1372 1721 petitorem)
1412 1676 1415 1683 -

194 1741 286 1808 Iust.
306 1740 440 1809 cohort.
459 1740 761 1809 incrasante.
782 1740 937 1808 Clemens
963 1740 1229 1806 Alexandrinus
1248 1760 1373 1805 nomen

195 1849 262 1918 Dei
285 1848 564 1935 iuterpretatur:
594 1852 688 1940 oqui
712 1849 803 1913 solco
835 1849 1066 1914 essentialiter
1089 1859 1160 1926 est,
1185 1847 1371 1936 quierat,

197 1970 256 2035 est,
283 1971 314 2021 et
339 1959 417 2034 erit,
437 1954 616 2021 seceridcm
640 1978 728 2044 poce
752 1957 823 2019 tric
849 1954 1169 2042 temporcpositum
1191 1959 1372 2019 estunam

195 2084 317 2128 nomen
342 2065 403 2152 poi
428 2075 504 2126 estn
532 2066 605 2147 (τον
632 2084 730 2151 μονον
758 2062 860 2138 ὅντως
886 2061 983 2145 ὄντα,
1012 2063 1044 2138 c,
1071 2061 1111 2135 ἠν
1128 2083 1186 2123 και
1212 2061 1286 2125 ἐστι
1312 2081 1372 2123 και

198 2169 316 2251 ἔσται,
342 2167 418 2231 καθ’
447 2171 489 2230 ὠν
515 2192 613 2258 τριων
638 2192 762 2260 pponam
789 2172 821 2234 ἐν
851 2155 959 2259 bropa
986 2192 1098 2236 astron
1126 2170 1141 2233 ὁ
1166 2168 1225 2249 ὠν)
1258 2166 1371 2233 Clem.

198 2275 397 2360 Paedagog3
423 2274 449 2341 I.
480 2276 547 2360 (ed.
569 2275 680 2341 Paris.
701 2300 735 2364 p.
756 2276 832 2343 118.
853 2278 907 2344 ed.
927 2279 1046 2344 Potter
1072 2301 1104 2364 p.
1125 2273 1217 2359 140).
1243 2272 1374 2343 Adhuc

197 2382 409 2469 explicatius
443 2381 603 2471 loquitur
629 2382 798 2470 vulgatus
835 2385 1027 2471 Dionysius
1059 2383 1230 2450 indicans·
1255 2382 1374 2449 omnia

195 2486 281 2554 haec
305 2495 460 2574 tempora
483 2489 525 2555 de
549 2488 682 2554 divinis
706 2489 915 2576 praedicari,
938 2502 1111 2580 quatenus
1133 2512 1196 2556 nos
1211 2490 1377 2555 'existen-

195 2595 281 2662 tiam
307 2603 548 2662 creaturarum
573 2598 794 2663 mutabilium
813 2621 1050 2685 comparamus
1068 2622 1144 2665 oum
1162 2597 1377 2664 aeternitate

197 2703 486 2770 incommutabili.
513 2703 589 2767 Non
620 2703 712 2770 enim
737 2705 774 2770 in
799 2705 875 2792 ipsa
893 2706 1111 2801 ,aeternitate
1135 2705 1197 2771 Dei
1234 2703 1377 2793 aliquid

195 2813 367 2897 praeterit
391 2819 454 2877 aut
477 2811 638 2884 futurum
656 2820 722 2893 est,
742 2813 809 2879 imo
832 2815 972 2900 proprie
999 2836 1061 2880 nec
1088 2835 1265 2900 praesens,
1285 2811 1371 2902 quia

197 2927 251 2987 est
268 2941 370 3005 super
383 2941 514 2985 omnem
531 2942 727 2986 mensuram
742 2921 918 3007 temporis3
939 2922 997 2987 sed
1016 2922 1051 2986 in
1072 2921 1258 2987 mobilibus
1275 2941 1376 2987 crea.-

198 3027 292 3093 turis
318 3024 476 3092 videntes
499 3028 742 3116 praeteritum,
760 3050 924 3113 praesens
947 3051 988 3094 ac
1012 3029 1186 3111 futurum,
1212 3027 1300 3094 haec
1316 3050 1377 3114 ap·

197 3133 367 3220 plicamus
390 3135 434 3199 ad
459 3131 666 3200 immobilem
691 3136 934 3201 aeternitatem
952 3136 1029 3217 Dei,
1046 3137 1110 3201 sub
1126 3158 1195 3226 qua
1219 3135 1291 3200 tria
1308 3134 1376 3201 illa

197 3250 352 3328 tempora
387 3248 549 3307 currunt.
590 3241 663 3307 «In
700 3241 918 3329 Scripturis,
957 3244 1098 3332 inquit,
1137 3240 1378 3310 essentialiter

196 3348 437 3437 praeexistens
461 3349 648 3415 secundum
666 3372 797 3416 omnem
822 3350 994 3417 notionem
1021 3351 1246 3416 existentium
1265 3351 1377 3433 (orea-

198 3462 329 3542 torum)
353 3455 600 3543 multipliciter
621 3457 870 3544 praedicatur,
898 3473 930 3524 et
954 3472 1002 3524 eat
1026 3472 1058 3523 et
1091 3472 1164 3523 erat
1187 3473 1218 3522 et
1243 3460 1312 3522 erit
1337 3457 1379 3523 de

199 3565 273 3651 ipsc
292 3565 437 3650 proprie
461 3566 623 3645 conitor-5
646 3563 856 3651 principium
880 3565 972 3632 enim
996 3567 1204 3636 etmedium
1220 3572 1257 3631 et
1273 3564 1378 3630 finem

201 3689 319 3735 eorum
343 3692 432 3758 quae
456 3677 551 3754 sunt,
570 3670 728 3737 absolute
752 3676 788 3738 et
810 3671 1001 3738 eminenter
1026 3671 1062 3736 in
1087 3670 1221 3757 seipso
1245 3669 1379 3736 anteci-

198 3776 330 3862 pavitn
355 3777 507 3865 Dionys.
527 3778 569 3842 de
593 3777 706 3843 divin.
732 3777 862 3846 nomin.
882 3802 912 3846 c.
928 3779 961 3846 5.
982 3785 1013 3860 §-
1034 3777 1068 3846 8.
1086 3776 1182 3864 (vide
1199 3775 1320 3844 Tract.
1336 3777 1378 3843 de

198 3884 271 3950 Deo
295 3905 364 3949 uno
388 3884 455 3950 Th.
474 3882 593 3950 XXII.
613 3906 648 3950 n.
664 3883 726 3967 L).

264 3992 317 4058 De
341 3991 417 4077 ipsa
443 3990 755 4059 communicatione
780 4014 848 4081 qua
873 3992 1031 4078 Spiritus
1058 3993 1247 4060 Sanctusa
1270 3990 1378 4060 Patre

200 4103 236 4167 et
258 4098 353 4165 Filio
377 4096 496 4163 audiet
519 4106 555 4165 et
578 4100 737 4184 accipiet,
761 4097 991 4188 Augustinus
1008 4100 1162 4187 explicat
1186 4099 1276 4165 hanc
1293 4110 1379 4166 tem-

198 4229 320 4294 porum
334 4205 610 4273 indifferentiam
625 4207 662 4272 in
677 4206 869 4274 auditionis
886 4215 920 4274 et
936 4207 1148 4294 acceptionis
1165 4206 1377 4273 aeternitate

199 4314 298 4400 (vide
321 4319 441 4383 textus
465 4317 502 4381 in
527 4314 594 4383 Th.
613 4314 785 4402 XXXII.)
813 4317 1098 4385 «Indifferenter
1114 4315 1238 4405 quippe
1256 4314 1377 4385 dicun·
