3158 4980
668 312 705 326 ..
727 281 765 343 [53
786 312 823 326 ..

154 385 240 455 1616
263 407 476 479 consequens
511 386 586 455 fors
609 392 732 477 putat,
760 386 933 476 Spiritum
970 386 1136 455 Sanctum
1160 387 1266 457 etiem
1290 390 1334 458 ab

153 492 338 583 Apostolis
362 493 568 584 procedere,
596 494 680 584 quia
703 502 740 563 et
763 494 831 583 ipsi
858 518 954 583 epar
983 495 1239 584 impositionem
1264 518 1333 564 ma-

153 623 263 670 nuum
287 601 591 670 communicabant
613 599 775 669 fidelibus
799 601 972 690 Spiritum
997 601 1178 688 Sanctum,
1196 630 1212 665 n
1232 602 1283 690 (l)
1299 608 1335 672 61

153 730 260 797 porro
282 706 435 775 animam
452 706 638 776 humanam
662 708 892 776 aeternaliter
912 712 1133 797 procederes
1151 712 1234 791 Deo,
1250 711 1335 802 quia

156 814 329 904 scriptum
345 822 423 883 est:
445 843 461 879 v
479 814 673 904 inspiravit
689 815 726 882 in
743 815 867 883 faciem
883 815 960 882 eius
976 818 1190 905 spiraculum
1208 813 1330 886 vitae»

158 919 249 988 Gen.
267 919 318 988 11.
337 921 371 990 7.
396 920 512 988 Unum
546 918 687 989 silentio
724 922 1014 1009 praetereundum
1045 931 1215 1005 nonest,
1243 924 1334 1015 quod

157 1026 337 1096 Macarius
361 1027 575 1096 confidenter
599 1028 761 1111 affirmat,
784 1030 950 1095 anellum
967 1053 1008 1094 66
1032 1053 1077 1095 rr.
1097 1030 1264 1097 Patribus
1281 1052 1334 1098 rs·

158 1135 293 1226 perisse
327 1134 452 1203 161116
487 1140 589 1203 textu
616 1136 808 1224 Evangelii
844 1136 1137 1227 significationem
1172 1147 1335 1209 aeternae

158 1241 392 1334 processionis
416 1240 573 1332 Spiritus
597 1241 753 1310 Sancti»
780 1244 843 1330 (2).

227 1349 341 1440 Atqui
366 1349 522 1439 theologi
554 1349 720 1417 catholici
745 1349 781 1416 in
807 1352 877 1418 iste.
911 1349 1062 1439 symboli
1098 1350 1333 1441 explicatione

159 1456 236 1525 fere
262 1457 362 1526 unios
386 1457 552 1526 nituntur
575 1459 787 1526 auctoritate
812 1482 858 1525 ss.
878 1458 1036 1543 Petrum,
1056 1483 1117 1528 nec
1134 1471 1204 1526 tem
1230 1462 1337 1529 inter·

158 1566 391 1657 pretationem
414 1571 535 1634 textus
559 1590 601 1636 ex
633 1566 852 1656 argumentis
885 1567 1035 1636 internis
1072 1591 1174 1659 quam
1199 1581 1336 1637 senten·

158 1674 248 1741 tiam
272 1696 319 1741 ss.
338 1673 484 1741 Petrum
502 1685 713 1764 proponunt.
738 1675 962 1743 Nominemus
986 1676 1172 1742 nonnullos
1189 1699 1228 1743 ex
1249 1676 1335 1743 mul·

157 1779 225 1848 tis.
252 1779 353 1847 cCur
369 1802 453 1869 ergo
477 1801 543 1847 non
562 1783 753 1865 credemus,
771 1783 861 1872 quod
879 1782 984 1849 etiam
1003 1782 1045 1848 de
1060 1782 1155 1850 Filio
1173 1783 1337 1869 procedat

151 1885 321 1984 'Spiritus
346 1885 517 1972 Sanctus,
545 1912 622 1956 cum
646 1889 734 1957 Filii
760 1912 894 1982 qnoque
918 1891 993 1979 ipse
1016 1891 1066 1956 sit
1090 1889 1273 1976 Spiritus?
1298 1887 1338 1957 Si

159 1995 255 2064 enim
278 2019 346 2065 non
369 1997 412 2064 ab
436 2019 473 2065 eo
490 1998 702 2086 procederet,
730 2021 796 2064 non
823 2005 900 2084 post
923 2000 1214 2065 resurrectionem
1232 2018 1267 2062 se
1285 2020 1337 2062 re-

158 2115 392 2193 praesentans
416 2104 601 2192 discipulis
619 2106 693 2173 suis
711 2104 924 2172 insufflasset
941 2105 1072 2171 dicens:
1092 2103 1242 2190 accipite
1259 2100 1335 2191 Spi-

158 2212 272 2279 ritum
297 2207 476 2281 Sanctum.
504 2212 598 2292 Quid
623 2212 714 2279 enim
739 2209 918 2299 significat
942 2209 1007 2275 illa
1031 2209 1241 2291 insufflatio,
1268 2208 1338 2277 nisi

159 2320 256 2412 quod
279 2321 446 2409 procedat
469 2320 625 2409 Spiritus
650 2320 801 2388 Sanctus
825 2320 924 2387 etde
950 2319 1024 2406 ipso
1039 2318 1096 2387 l...
1124 2316 1163 2384 Si
1187 2342 1271 2410 ergo
1296 2318 1337 2385 ds

159 2427 271 2524 Retro
294 2432 331 2496 et
353 2428 395 2495 16
418 2427 513 2496 Filio
543 2429 702 2517 procedit
734 2428 889 2517 Spiritus
912 2427 1085 2512 Sanctus,
1125 2450 1187 2495 cur
1218 2427 1337 2495 Filius

160 2521 279 2604 diiritr
306 2535 368 2626 qui
391 2536 432 2603 de
457 2536 561 2604 Patre
586 2535 766 2626 procedit?
789 2534 994 2625 (16666166,
1014 2537 1084 2603 nisi
1105 2535 1196 2626 quod
1213 2536 1257 2603 ad
1273 2535 1339 2602 Pe·

159 2651 253 2712 trem
276 2643 367 2711 solet
389 2643 532 2727 referre,
559 2651 594 2711 et
619 2644 708 2734 quod
732 2644 846 2732 ipsius
870 2655 934 2727 est,
955 2643 1080 2734 dequo
1103 2653 1139 2711 et
1156 2645 1230 2730 ipse
1246 2651 1335 2709 estn

158 2753 320 2840 August.
340 2751 377 2818 in
400 2749 451 2818 Ic.
471 2757 579 2819 tract.
598 2751 652 2820 99.
672 2776 707 2818 6.
727 2752 758 2818 7.
778 2754 811 2838 8;
838 2752 879 2819 16
905 2752 1005 2819 Trin.
1025 2751 1090 2820 IV.
1109 2776 1144 2820 n.
1164 2751 1225 2836 295
1255 2748 1334 2817 XV.

157 2884 198 2930 6.
216 2858 280 2945 4ὄ;
299 2863 422 2926 contre
437 2857 620 2926 Maximin.
638 2859 663 2927 1.
682 2859 732 2926 ΙΙ.
748 2882 777 2928 6.
796 2858 850 2927 14.
868 2882 904 2924 n.
920 2859 952 2926 1.
969 2857 1116 2927 Gemina
1133 2857 1238 2924 habet
1253 2856 1340 2923 Ful-

161 2966 307 3056 gentius
331 2964 357 3031 l.
376 2965 417 3032 de
441 2962 529 3032 Fide
553 2965 596 3032 61
614 2966 758 3032 Petrum
781 2964 885 3033 611.
912 2965 985 3031 Imo
1009 2987 1051 3031 ex
1075 2963 1125 3032 Io.
1141 2964 1222 3030 XX.
1242 2972 1276 3030 et
1293 2962 1340 3028 si·

160 3073 237 3142 mul
253 3081 294 3141 eir
309 3071 396 3141 Gen.
411 3070 461 3139 Π.
476 3072 696 3139 Athanasius
710 3073 735 3140 l.
752 3073 792 3138 ds
807 3072 906 3139 Trin.
925 3082 960 3139 et
973 3071 1099 3159 Spirit.
1115 3069 1151 3138 S.
1171 3069 1336 3153 n.1s.19,

159 3201 205 3247 ex
231 3198 299 3267 quo
322 3176 443 3266 aliqua
467 3177 576 3244 citavi
600 3177 636 3242 in
662 3175 730 3244 Th.
752 3175 918 3261 XXXII3
944 3182 981 3244 et
1003 3175 1164 3266 Cyrlllus
1189 3179 1224 3243 in
1250 3175 1341 3243 The·

160 3308 269 3355 sauro
286 3307 319 3374 p.
339 3282 514 3352 141645.
542 3286 680 3350 omnino
699 3285 790 3350 idem
814 3286 951 3352 docent.
971 3285 1192 3351 Advertatur
1208 3293 1339 3365 autem,

159 3395 222 3462 hio
245 3415 267 3459 6
289 3374 388 3459 nobis
406 3415 474 3458 non
498 3391 619 3484 quaeri
644 3391 685 3458 dc
709 3414 812 3458 sensu
831 3391 1027 3459 immediato
1045 3392 1228 3458 verborum
1247 3387 1341 3456 Sori-

159 3507 308 3593 pturae,
335 3499 394 3566 sed
418 3498 460 3566 (16
484 3498 561 3588 ipsa
584 3520 644 3582 re,
672 3520 775 3590 quem
798 3497 922 3566 Patres
954 3499 1137 3566 tenuerint
1171 3497 1340 3588 nobisque

160 3606 394 3680 tradiderint.

235 3714 304 3781 uA
327 3712 503 3804 principio
534 3713 683 3780 formato
707 3711 839 3796 Adam,
865 3711 902 3779 in
927 3710 1052 3780 facicm
1086 3710 1164 3778 eius
1188 3711 1342 3800 spiravit

159 3822 338 3915 Spiritum
369 3819 561 3906 Sanctum,
587 3820 682 3888 siout
710 3819 823 3888 Moses
846 3819 922 3887 ait:
948 3829 983 3887 61
1007 3818 1161 3907 spiravit
1184 3820 1279 3890 Deus
1303 3819 1341 3888 in

237 4016 280 4094 (1)
298 4019 371 4076 Vide
391 4020 426 4074 16
444 4020 491 4074 his
511 4036 534 4075 s.
550 4021 705 4086 Augustis.
720 4019 800 4074 'l'rlm
814 4019 877 4073 XV.
893 4035 924 4071 n.
938 4018 984 4071 46.

238 4104 512 4178 (21166611166616
538 4107 658 4173 l'llglise
688 4105 1003 4158 166161166616616166
1031 4103 1087 4157 1616
1115 4119 1164 4158 sur
1190 4107 1266 4159 66116
1296 4121 1342 4158 ex·

161 4198 298 4270 pressior
317 4196 352 4251 16
377 4195 547 4264 111666116,
571 4201 600 4249 61
628 4195 853 4262 l’expliquercnt
879 4192 1130 4249 dideremmcnt....
1152 4196 1222 4247 mair
1250 4210 1343 4246 66666

163 4288 248 4341 a’ouc
267 4301 302 4340 ne
323 4290 424 4340 trouve
443 4284 514 4339 dans
534 4282 562 4339 n
580 4288 659 4339 texte
679 4284 736 4338 6111
756 4281 840 4337 11116
861 4281 894 4337 16
914 4285 944 4337 16
965 4286 1130 4352 6166666166
1151 4282 1289 4338 eternelle
1309 4281 1343 4335 16

167 4374 400 4446 l'llsprlt-Seint
418 4395 431 4426 n
452 4391 482 4445 p.
494 4373 558 4429 344.
