3120 4988
698 343 735 356 -
756 309 794 372 75
815 343 852 355 ..

193 395 396 502 glorificari·
412 415 518 499 dixit,
535 415 679 505 perinde
695 439 735 485 ao
758 415 888 507 siquis
908 421 1065 483 nostrum
1082 415 1124 482 de
1147 413 1362 499 fortitudine

193 521 261 590 sibi
286 523 405 607 insita,
425 535 487 591 eut
510 524 670 592 cuiusvis
691 524 743 592 rei
767 525 916 593 scientia
938 523 1047 592 diost:
1066 522 1153 590 liaeo
1174 545 1226 590 me
1251 520 1362 610 glori·

192 630 326 698 ficavit.
344 631 430 700 Nam
455 633 522 700 etsi
547 631 703 721 Spiritus
726 632 763 699 in
786 633 927 722 propria
963 630 1148 721 hypostasi
1171 630 1357 714 subsistat,

190 752 228 810 et
249 751 393 810 eatenus
412 763 470 832 per
494 764 529 810 se
546 738 633 827 (καθ’
662 742 784 824 ,ἑαυτο)
809 739 1060 823 consideretur,
1083 744 1257 830 quatenus
1282 735 1362 826 Spi-

193 850 287 918 ritus
312 862 365 919 est
388 856 425 920 et
447 875 514 919 non
549 850 685 937 Filius;
716 858 868 927 attamen
892 854 1038 915 nonest
1067 849 1111 914 ab
1145 870 1183 916 eo
1207 844 1360 936 alienum

192 959 469 1051 quandoquidem
486 961 640 1048 Spiritus
656 958 1041 1042 ueritatienominatur,
1066 955 1224 1024 Obristus
1250 973 1364 1024 cutem

192 1069 320 1134 ueritas
346 1084 408 1152 est,
427 1082 459 1134 et
482 1069 524 1135 ab
548 1091 583 1135 to
608 1071 696 1135 sieut
720 1069 824 1134 etiarn
859 1090 900 1134 eu
922 1068 991 1136 Deo
1024 1080 1056 1133 et
1080 1067 1188 1134 Putre
1205 1067 1360 1154 profun-

195 1170 302 1244 ditur.
322 1176 407 1264 (lyr

267 1371 307 1449 (l)
321 1379 429 1448 Πνευμα
439 1399 491 1448 γαρ
502 1373 628 1438 dinisius<
640 1378 849 1449 despueremus
861 1377 917 1433 ἔστι
925 1380 1040 1450 Χριστος
1051 1378 1193 1437 ἡᾶληθεια·
1201 1399 1244 1431 και
1256 1399 1366 1451 προχει-

198 1488 241 1520 tut
255 1468 312 1536 παρ’
327 1466 417 1530 αὐτου,
428 1478 543 1538 καθαπερ
554 1469 648 1538 durius
659 1490 702 1521 και
715 1470 742 1522 ἐκ
754 1467 816 1521 trev
828 1491 870 1521 και
882 1489 981 1538 πατρος
993 1510 998 1521 .
1008 1469 1147 1536 Spiritum
1157 1471 1292 1523 Sanctum
1297 1487 1363 1536 pro·

193 1555 287 1625 fundi
297 1552 480 1630 (προχεισῆαι)
494 1576 511 1609 u
522 1556 600 1613 Filio
614 1559 685 1610 sicut
697 1575 728 1610 eu
741 1558 836 1626 Putre,
848 1575 1037 1627 necunquam
1050 1561 1192 1626 significat
1205 1578 1257 1615 neo
1268 1566 1365 1630 potest

197 1647 449 1717 significarealiud
465 1665 547 1716 quam
568 1650 774 1715 processionem
793 1651 1004 1704 immanentem.
1028 1652 1102 1704 Hinc
1117 1651 1246 1718 (lyrlllus
1269 1653 1365 1706 eodem

198 1738 284 1790 verbo
303 1747 459 1809 προχεισοαι
472 1739 606 1805 designet
623 1740 709 1793 etiam
726 1740 930 1807 processionem
941 1759 957 1794 e
968 1743 1064 1808 Patre,
1074 1741 1217 1808 habetque
1227 1743 1305 1795 illud
1320 1759 1369 1808 sy·

197 1841 349 1893 nouymum
362 1829 449 1881 alteri
466 1829 660 1900 introgressum:
679 1830 826 1897 «Spiritus
843 1830 973 1898 Sanctus,
987 1832 1092 1898 inquit,
1104 1832 1300 1898 profunditur
1312 1832 1370 1885 sine

194 1919 325 1982 procedit
336 1921 417 1972 velut
429 1935 445 1970 a
459 1919 548 1987 iente,
564 1934 581 1970 a
594 1919 651 1971 Deo
665 1923 694 1972 et
706 1921 790 1972 Patre
802 1917 954 1990 (προχειται
967 1916 1048 1987 ἤγουν
1070 1919 1234 1991 {turpaverat
1247 1930 1369 1992 καθαπερ

197 2004 250 2058 citro
263 2029 360 2079 πηγης.
373 2029 418 2061 rou
437 2017 494 2062 θεου
514 2031 556 2062 και
568 2007 679 2079 πατρος)
698 2025 742 2076 ep.
756 2011 800 2064 47.
816 2010 848 2062 Τ.
864 2011 898 2063 V.
913 2002 940 2077 pi
956 2011 1017 2064 190.
1041 2012 1179 2064 Macarius
1200 2012 1260 2065 vim
1283 2012 1367 2064 verbi

197 2106 354 2166 npopsrrtur
366 2097 440 2151 iorte
451 2099 570 2165 ipsemet
580 2099 739 2163 intellexit,
755 2099 930 2175 neque—enim
938 2099 1083 2166 profundi
1095 2117 1127 2152 eu
1141 2101 1227 2152 Putre
1241 2103 1267 2152 et
1282 2119 1299 2152 a
1318 2101 1366 2152 Fi·

198 2184 237 2236 lt'o
253 2189 411 2254 ambiguum
432 2195 485 2256 est,
501 2191 576 2242 sicut
588 2191 703 2243 verbum
714 2187 824 2256 effundi
835 2188 1000 2262 (ἑκχεισθαι)
1012 2207 1062 2257 per
1075 2207 1104 2244 se
1120 2194 1268 2258 sumptum,
1291 2189 1367 2258 qnod

197 2284 294 2346 potest
314 2281 475 2344 significare
494 2286 523 2335 et
542 2283 573 2334 in
593 2282 762 2349 quibusdam
786 2283 968 2336 contextibus
998 2299 1099 2338 revera
1127 2287 1274 2351 significat
1301 2287 1365 2338 enit·

198 2368 304 2420 etonem
323 2370 449 2436 sputus
468 2367 659 2447 statuisse.
681 2355 724 2427 11.
750 2374 792 2440 rr,
816 2373 851 2425 x.
872 2359 916 2440 453
933 2374 992 2427 uu.
1004 2371 1057 2427 111.
1072 2369 1124 2443 6.).
1137 2375 1175 2427 nt
1202 2376 1365 2430 rhetianas

197 2459 355 2524 particulas
376 2478 393 2512 u
412 2460 490 2512 Filio
511 2467 540 2514 et
556 2479 590 2512 su
609 2463 703 2530 Patre,
719 2478 778 2515 cum
798 2464 925 2530 prolusio
945 2463 1069 2530 Spiritus
1089 2465 1187 2519 Sancti
1217 2483 1249 2517 eu
1278 2467 1367 2518 Patre

199 2561 255 2598 non
275 2549 371 2614 possit
382 2550 442 2602 ullo
455 2551 534 2604 modo
555 2552 714 2617 significare
729 2553 900 2619 simpliciter
920 2555 1092 2621 missionem,
1107 2556 1250 2620 pervertit
1269 2556 1300 2607 in
1314 2555 1368 2608 bas

199 2638 273 2691 alias
287 2655 340 2706 per
358 2639 465 2692 Filium
484 2646 514 2694 et
524 2659 574 2708 per
593 2644 712 2696 Putrem.
732 2645 826 2711 Ipsum
847 2659 913 2696 vero
943 2645 1060 2698 verbnm
1084 2645 1280 2712 profunditur
1308 2661 1367 2699 non

198 2726 255 2781 iam
274 2732 364 2782 solum
382 2733 511 2798 ambigue
531 2733 692 2799 effusionem
720 2733 769 2786 sed
799 2735 912 2786 omuino
938 2734 1116 2799 diffusionem
1145 2711 1368 2801 interpretetur.

202 2838 214 2864 a
235 2819 368 2886 L’Eeprit
385 2838 412 2873 te
431 2823 539 2887 repant
552 2839 609 2887 pur
628 2821 683 2874 lui
702 2838 804 2876 comme
822 2823 900 2896 aussi
915 2841 972 2889 pur
990 2826 1016 2874 le
1035 2823 1113 2876 Pire.
1131 2823 1201 2894 dlix
1229 2823 1276 2874 his
1306 2825 1368 2876 suis

199 2924 255 2962 non
276 2917 368 2963 eutem
388 2911 510 2965 Consilii
528 2911 719 2966 Alexandrini
739 2919 769 2966 et
792 2913 897 2978 cyrilli
921 2913 1026 2979 verbis,
1045 2917 1079 2965 ut
1097 2897 1156 2964 ille
1168 2912 1262 2978 fingit,
1278 2911 1368 2966 iaeile

199 3000 328 3053 contexit
345 3006 553 3065 argumentum:
571 3026 583 3048 a
599 3003 800 3069 b’expression
817 3021 844 3054 se
861 3006 971 3070 repund
995 3022 1050 3070 par
1069 3008 1096 3056 tc
1120 3006 1191 3068 Fila,
1213 3007 1259 3057 n'u
1284 3007 1371 3072 point

200 3090 236 3143 du
255 3097 317 3145 tout
334 3093 362 3144 le
382 3097 467 3145 meme
488 3109 554 3146 sens
574 3107 638 3160 que,
649 3092 769 3159 procede
788 3094 826 3145 du
844 3094 915 3146 Fide.
933 3095 1029 3147 »Tum
1048 3095 1159 3147 conlert
1174 3095 1262 3147 verba
1284 3096 1370 3148 Pauli

199 3180 271 3255 (Tit.
285 3181 306 3236 I.
322 3180 379 3252 c.)u
390 3199 472 3249 quem
491 3179 769 3254 effudit(s'ffsprrs)in
787 3200 838 3234 nos
857 3183 978 3251 abunde,
993 3205 1005 3232 n
1021 3189 1105 3250 atque
1119 3183 1185 3235 inde
1204 3184 1366 3237 concludit:
1380 3231 1384 3236 Α

203 3291 215 3319 u
230 3288 282 3339 par
300 3275 473 3339 consequent
492 3273 562 3327 daus
582 3274 611 3325 la
630 3274 718 3326 lettre
738 3272 808 3325 cites
829 3273 866 3326 du
886 3272 983 3326 Gonoil
1003 3290 1037 3326 on
1066 3269 1197 3340 employa
1223 3289 1295 3341 pour
1323 3275 1369 3328 in-

201 3361 302 3430 diquer
320 3363 463 3429 deffust'on
483 3363 519 3414 du
538 3364 566 3415 S.
582 3363 614 3415 li.
629 3377 681 3429 par
701 3364 727 3414 le
746 3363 808 3415 riis
822 3380 940 3430 presque
958 3366 984 3414 de
1002 3362 1084 3414 enims
1101 3365 1180 3414 verbe
1193 3383 1297 3434 προχεω
1313 3379 1369 3430 que

199 3453 328 3519 l’spotrc
347 3451 439 3522 ε’κχεω,
456 3439 554 3504 ¹eueoir
571 3467 611 3503 un
631 3451 709 3503 csrb'e
727 3461 815 3518 cpont
833 3455 863 3504 lu
886 3452 968 3504 nudus
995 3454 1111 3504 ruciuer
1132 3454 1240 3506 Maean..
1258 3469 1287 3518 p.
1302 3451 1382 3506 361..

200 3540 243 3599 lix
262 3543 315 3595 hae
333 3539 493 3595 eruditione
513 3539 688 3607 philologius
700 3541 792 3605 pictos
810 3545 839 3593 et
856 3540 985 3606 impietus
998 3547 1084 3593 crunt
1097 3557 1196 3593 nomen
1205 3541 1271 3607 sere
1283 3541 1368 3606 ideoq·

201 3631 309 3685 habent
335 3632 438 3698 quippe
459 3630 574 3683 eandem
594 3630 726 3684 radicem.
743 3633 836 3685 Verba
855 3642 1011 3702 προχεισηαι
1033 3635 1062 3683 et
1080 3628 1217 3702 ε’κχεισθαι
1238 3637 1307 3684 sunt
1325 3632 1370 3685 di-

204 3736 297 3786 versa,
315 3722 459 3787 multoque
480 3721 570 3786 magis
596 3719 728 3774 diversus
754 3726 799 3773 cst
823 3724 984 3774 contextus.
1006 3723 1040 3774 In
1066 3722 1118 3774 lroo
1137 3722 1293 3788 posteriori
1322 3738 1371 3776 ex-

200 3825 296 3878 presso
315 3810 460 3865 indicatur
480 3812 619 3864 terminus
641 3812 676 3862 ud
697 3813 860 3864 eutrorDeus
880 3811 981 3876 effudit
999 3812 1031 3862 in
1057 3827 1108 3862 not
1134 3811 1272 3877 Spiritum
1298 3811 1371 3866 San-

201 3904 285 3966 ctum3
302 3899 336 3951 iu
359 3902 450 3952 altero
469 3901 638 3967 exprimitur
657 3900 826 3966 principium
846 3901 978 3967 origi-nis,
994 3901 1092 3953 nullus
1114 3907 1205 3952 autem
1227 3903 1375 3957 terminus

203 3991 240 4064 ud
258 4007 347 4058 quent.-
362 4009 379 4047 a
396 3993 472 4044 silio
492 3995 568 4045 sicut
586 4008 621 4044 ex
633 3983 718 4044 Putre
733 3991 916 4059 profunditur
930 3992 1056 4058 Spiritus
1070 3992 1200 4044 Sanetus.
1215 3975 1372 4047 Praeterea

200 4081 301 4134 Patres
322 4081 442 4134 concilii
465 4081 562 4135 dicunt
581 4082 719 4148 Spiritum
740 4083 875 4138 veritatis
893 4083 937 4134 ita
955 4080 1091 4148 profundi
1111 4100 1127 4136 a
1146 4082 1270 4135 veritate
1290 4082 1321 4136 h.
1343 4099 1368 4137 e.

203 4171 420 4240 allilio„siout
438 4173 528 4225 oritur
547 4173 640 4226 virtus
660 4176 710 4224 eut
730 4173 852 4225 scientia
871 4187 906 4225 ex
925 4174 1027 4225 mente.
1044 4171 1276 4234 Quemadmodum
1303 4188 1371 4238 ergo

203 4262 324 4317 Verbum
344 4265 389 4314 est
408 4263 552 4328 sapientia
562 4266 591 4316 et
603 4263 696 4315 virtus
715 4263 812 4314 Petris
823 4263 934 4315 ratione
954 4262 1074 4326 originis
1085 4279 1101 4315 a
1112 4263 1206 4330 Patre,
1221 4261 1264 4315 ita
1278 4258 1370 4330 Spiri-

203 4357 251 4405 tus
271 4369 326 4405 non
346 4352 441 4405 minus
459 4351 571 4404 ratione
591 4351 713 4414 originis
729 4351 922 4419 immanentis,
938 4351 1044 4404 dicitur
1063 4353 1155 4406 virtut
1176 4358 1206 4406 et
1223 4354 1371 4420 supientia

114 4486 117 4498 .
204 4442 285 4512 Filii,
309 4457 341 4496 aa
359 4439 479 4512 proinde
497 4440 611 4492 interno
630 4439 741 4506 oripine
762 4441 956 4508 profunditur
982 4457 999 4493 u
1021 4441 1099 4493 Fttto
1124 4442 1196 4495 sicut
1220 4456 1253 4494 eu
1270 4443 1368 4496 Patre.
