3120 4988
832 321 869 335 -
890 290 910 352 3
930 322 967 336 -

319 399 456 467 aFilio
480 399 643 483 docetur,
669 401 816 466 conatur
839 396 1043 487 detorquere
1066 394 1123 464 vel
1148 395 1192 462 ad
1215 393 1324 461 solam
1348 417 1483 484 proces-

318 505 448 574 sionem
471 504 716 595 temporariam
733 502 790 574 vel
807 502 912 571 simul
927 500 1388 585 adconsubstantialitatem
1404 502 1483 594 Spi-

318 612 411 682 ritus
434 637 510 682 cum
534 613 640 682 Filio.
718 650 721 654 <

386 722 421 790 3⁰
443 723 518 790 Iam
543 745 625 790 vero
648 720 705 788 his
735 718 919 809 principiis
953 719 1080 808 positis
1103 741 1213 808 neque
1236 721 1405 807 processio
1429 743 1484 786 oe·

319 845 417 898 terno
441 857 462 898 o
486 832 594 898 Patre
608 853 650 898 ex
674 828 737 896 illo
761 827 972 911 testimonio,
991 826 1081 918 quod
1105 826 1318 895 schismatici
1342 828 1484 897 unicum

317 940 490 1008 intactum
513 939 736 1029 reliquerunt
751 936 801 1004 Io.
819 935 898 1003 XV.
917 936 972 1019 26,
993 934 1224 1003 demonstrari
1240 935 1392 1025 amplius
1407 960 1485 1027 pos-

317 1055 389 1135 set;
416 1047 626 1136 sophisticae
649 1045 740 1113 enim
764 1043 927 1133 strophae
949 1045 993 1110 ab
1023 1044 1074 1111 eis
1098 1042 1278 1112 decantari
1301 1045 1427 1113 solitae
1451 1049 1483 1114 si

317 1153 476 1223 valerent
498 1152 668 1220 adversus
695 1156 872 1218 aeternam
898 1149 1148 1239 processionem
1175 1148 1333 1240 Spiritus
1361 1151 1484 1220 Sancti

316 1284 338 1328 a
360 1261 466 1343 Filio,
485 1283 554 1328 non
576 1260 691 1327 minus
715 1259 787 1327 vim
810 1258 950 1327 eandem
974 1258 1142 1327 haberent
1158 1258 1327 1328 adversus
1344 1283 1482 1330 sensum

316 1369 537 1438 immanentis
560 1367 790 1458 processionis
813 1388 834 1434 a
857 1367 964 1434 Patre
987 1366 1024 1434 in
1048 1364 1111 1435 hoc
1146 1367 1345 1441 testimonio
1376 1391 1483 1437 enun-

312 1477 440 1549 tiatae.
518 1566 521 1569 Ι

385 1586 474 1655 Sane
496 1606 539 1651 ex
562 1583 638 1674 ipso
661 1583 767 1652 verbo
790 1605 852 1672 per
875 1604 912 1651 se
936 1586 1091 1671 spectato
1110 1583 1299 1672 «Spiritus
1315 1585 1482 1653 veritatis

318 1693 378 1785 qui
403 1715 423 1760 a
446 1693 551 1760 Patre
576 1690 779 1780 procedit,r
806 1712 873 1757 non
904 1689 1017 1778 magis
1040 1695 1184 1759 aeterna
1212 1713 1314 1782 quam
1354 1700 1482 1782 tempo-

316 1802 412 1872 raria
435 1800 607 1891 processio
631 1799 903 1883 determinatur,
931 1799 1102 1890 siquidem
1126 1822 1168 1868 ex
1192 1798 1363 1890 principio
1392 1801 1483 1870 schi-

318 1908 540 1977 smaticorum
561 1912 783 1997 praestructo
806 1913 921 1997 potest
937 1927 1011 1976 esse
1025 1929 1191 1997 personae
1206 1929 1229 1973 a
1244 1931 1391 1997 persona
1406 1917 1483 1998 pro·

317 2015 426 2084 cessio
451 2016 674 2104 temporaria,
701 2016 786 2107 quin
809 2015 886 2084 ideo
909 2017 945 2083 in
969 2038 1010 2084 ea
1032 2017 1253 2084 contineatur
1269 2023 1332 2083 aut
1355 2038 1481 2106 suppo·

276 2210 282 2221 ⁸
317 2130 425 2191 natur
441 2121 615 2212 processio
632 2129 788 2191 aeterna.
806 2122 911 2192 Vidit
927 2123 991 2191 hoo
1008 2121 1182 2192 Macarius
1198 2123 1356 2213 ipsemet,
1377 2131 1483 2215 atque

316 2229 448 2299 idcirco
471 2229 708 2320 probationem
722 2223 924 2298 >instituere
955 2238 1100 2298 conatus
1124 2236 1198 2314 est,
1224 2232 1418 2299 necessario
1442 2253 1483 2298 ea

318 2340 425 2410 verba
448 2335 582 2408 Christi
605 2339 743 2407 Domini
774 2337 929 2427 intelligi
960 2338 1083 2408 debere
1113 2362 1182 2407 non
1206 2339 1247 2408 de
1270 2341 1483 2428 temporaria

315 2447 375 2516 sed
399 2449 441 2516 de
465 2455 608 2516 aeterna
631 2447 861 2537 processione.
931 2459 933 2468 '

381 2557 432 2623 At
455 2555 676 2645 probationes
700 2555 776 2624 eius
800 2577 916 2623 omnes
940 2554 1085 2644 ipsemet
1108 2555 1285 2623 subvertit
1308 2553 1354 2622 iis
1377 2553 1478 2643 ipsis,

315 2685 403 2755 quae
426 2663 586 2754 disputat
608 2670 731 2732 contra
754 2668 931 2732 aeternam
946 2662 1197 2752 processionem
1220 2685 1242 2730 a
1264 2661 1370 2731 Filio.
1397 2661 1483 2730 Tria

316 2779 401 2842 sunt
423 2765 571 2841 Macarii
594 2778 812 2861 argumenta.

317 2979 398 3042 geret
416 2975 594 3043 probatione,
616 2976 689 3029 mira
705 2974 878 3030 confidentia
897 2974 1056 3043 praestruit
1079 2974 1210 3028 omnibus
1229 2974 1290 3027 suis
1315 2973 1483 3042 sophisticis

318 3067 625 3134 argumentationibus.
649 3086 662 3113 a
682 3067 755 3120 Pour
773 3065 898 3132 preciser
916 3066 959 3118 los
987 3065 1065 3118 idtes
1092 3063 1164 3117 dans
1192 3057 1225 3116 le‘
1248 3063 1483 3130 developpement

318 3157 351 3210 de
371 3161 445 3210 cette
465 3157 642 3223 doctrine,il
661 3157 725 3210 faut
751 3157 857 3209 ttablir
886 3170 940 3209 une
969 3153 1141 3207 distinction
1160 3153 1325 3218 rigoureuse
1353 3157 1434 3205 entre
1453 3154 1482 3204 la

317 3246 480 3313 processioa
500 3245 637 3298 eternelle
651 3245 689 3298 du
704 3245 918 3312 Sciat-Esprit,
935 3244 985 3312 qui
998 3244 1086 3296 forme
1100 3246 1282 3310 proprement
1295 3257 1345 3295 sou
1358 3242 1483 3293 attribut

317 3338 480 3403 personuel,
502 3340 531 3389 et
550 3351 582 3388 sa
601 3337 762 3402 processioa
782 3335 947 3402 temporalis
967 3350 1016 3387 sur
1034 3334 1077 3386 los
1096 3336 1239 3388 creatores
1258 3348 1293 3385 ou
1312 3349 1344 3386 ea
1363 3332 1482 3384 mission

317 3427 388 3499 dans
407 3427 434 3478 le
454 3425 568 3492 monde,
592 3425 643 3492 que·
660 3442 695 3477 ne
712 3442 740 3477 ee
757 3432 888 3491 rapporte
902 3425 987 3489 point
1005 3421 1023 3474 ὰ
1041 3425 1206 3490 l’hypoetoee
1223 3423 1306 3474 meme
1325 3423 1363 3473 du
1380 3422 1483 3475 Solut-

317 3516 424 3583 Eopr'it,
439 3517 511 3569 mais
531 3515 620 3568 formo
640 3517 762 3583 quelque
780 3514 862 3567 chose
878 3513 1059 3578 d’exte'rieur,
1075 3511 1268 3579 d’acoessoire,
1284 3516 1312 3564 et
1325 3525 1360 3563 ne
1375 3511 1482 3564 s’ettri-

317 3604 368 3658 bue
388 3620 440 3670 pas
459 3604 524 3670 plus
543 3619 577 3654 au
596 3603 802 3670 saint-Eeprit
820 3603 903 3669 qu’au
923 3603 995 3655 riis.
1015 3602 1087 3654 Jean
1109 3602 1186 3655 xvi.
1210 3603 1255 3653 28.
1278 3601 1322 3653 29.
1346 3601 1390 3671 (Si
1414 3601 1482 3653 haec

317 3696 504 3758 urgerentur,
528 3692 626 3745 missio
652 3694 744 3760 ipsius
769 3692 885 3744 divinae
913 3706 1049 3758 personae
1074 3695 1131 3743 tum
1151 3690 1279 3757 Spiritus
1297 3689 1395 3744 Sancti
1423 3694 1483 3741 tum

317 3782 400 3848 Filii,
416 3798 448 3836 ao
465 3786 672 3849 consequenter
691 3774 853 3834 incarnatio
873 3781 960 3835 Verbi
980 3780 1112 3846 neganda
1131 3781 1215 3847 foret,
1230 3785 1260 3833 et
1278 3785 1369 3834 totum
1389 3781 1482 3833 Evan-

317 3874 423 3938 getium
440 3873 667 3940 pervertendum
684 3873 732 3926 aed
744 3873 778 3925 de
791 3873 837 3925 his
851 3872 975 3925 interius
990 3886 1080 3925 sermo
1094 3861 1240 3942 recurret).
1254 3871 1312 3935 Quo
1326 3872 1351 3923 si
1364 3871 1482 3936 l'Eglise

316 3962 472 4015 orthodoxe
490 3961 626 4035 (schisma
646 3957 831 4032 Photianum)
849 3963 954 4014 affirma
973 3976 1026 4029 que
1046 3962 1072 4013 le
1099 3961 1128 4015 S.
1150 3962 1183 4014 Ε.
1207 3960 1324 4028 procede
1351 3960 1387 4012 du
1414 3961 1482 4012 Pero

316 4053 424 4104 seul...
438 4052 494 4103 elle
515 4051 648 4125 n'entepd
667 4054 850 4119 proprement
865 4053 961 4118 purior
980 4067 1033 4119 que
1057 4050 1090 4102 de
1109 4052 1139 4102 la
1157 4051 1318 4118 processioa
1344 4051 1483 4102 eternelle

317 4148 347 4195 et
365 4143 570 4209 hypostatique
591 4143 626 4195 du
645 4145 674 4198 S.
689 4144 722 4195 Ε.
746 4143 875 4206 Quantb
900 4158 932 4195 sa
960 4139 1121 4208 processioa
1143 4141 1306 4208 temporalis
1326 4142 1369 4192 los
1388 4140 1482 4192 ortho-

316 4232 403 4286 doxos
423 4237 600 4286 eux-memes
619 4235 728 4287 croient
747 4248 815 4286 aveo
840 4234 883 4285 les
910 4232 1056 4285 chrotiens
1081 4230 1266 4284 occidentaux
1285 4244 1336 4296 que
1355 4230 1383 4281 ie
1402 4229 1431 4281 S.
1448 4228 1480 4281 n.

315 4322 449 4392 procedo,
469 4323 655 4377 dest-t-dire
684 4324 759 4377 tient
778 4339 810 4377 ea
829 4323 947 4376 misaion
974 4320 1045 4378 dans
1065 4321 1092 4374 le
1118 4321 1228 4386 monde,
1252 4334 1307 4372 nou
1327 4318 1483 4371 seulement

317 4411 354 4468 du
365 4413 446 4482 Pera,
460 4414 532 4468 mais
547 4413 625 4467 aussi
639 4413 675 4468 du
688 4413 761 4481 niis,
777 4426 812 4466 ou
824 4426 895 4480 pour
907 4412 1002 4466 mieux
1015 4409 1076 4464 dire
1089 4425 1142 4479 par
1155 4410 1182 4466 le
1196 4407 1258 4464 Fila
1272 4408 1323 4463 ri.
1336 4422 1360 4463 c.
1374 4425 1404 4477 p.
1416 4406 1480 4462 326.
