3120 4988
551 366 554 373 .
760 318 920 379 -16-

256 446 298 490 en
322 422 585 513 personnalitep
611 447 645 511 p.
666 423 743 492 330.
771 425 865 506 Quid
889 425 997 492 Russi
1032 426 1185 495 subhac
1221 430 1430 516 perturbata

256 551 316 595 con
321 529 570 616 glomeratione
584 530 765 596 verborum
779 530 996 598 intellecturi
1010 531 1093 616 sint,
1115 533 1271 622 equidem
1288 529 1425 621 ignoro.

257 635 403 716 Quando
428 637 572 719 dicitur,
599 639 701 703 Pater
733 624 879 725 generat
912 638 1056 721 Filium,
1083 642 1191 706 Pater
1221 640 1430 708 enuntiatur

256 747 320 812 sub
344 744 484 812 formali
509 745 643 810 ratione
662 747 907 829 paternitatis,
933 767 1002 834 qua
1026 747 1256 813 constituitur
1279 768 1430 835 persona

254 852 424 920 distincta
436 874 456 917 a
468 851 560 918 Filio
573 851 778 938 procedente
793 873 852 939 per
866 838 976 938 ipsam
990 853 1262 938 generationem.
1279 854 1429 934 Quando

255 959 398 1040 dicitur,
425 959 530 1024 Pater
550 957 663 1044 spirat
687 957 858 1043 Spiritum
877 958 1055 1041 Sanctum,
1078 959 1277 1025 nominatur
1294 959 1330 1024 in
1348 960 1430 1025 sub-

255 1066 344 1134 iecto
369 1066 489 1152 utique
515 1086 662 1151 persona
686 1056 804 1129 Patris
829 1064 1022 1130 constituta
1037 1087 1097 1151 per
1115 1065 1296 1132 formalem
1320 1067 1427 1134 ratio-

254 1193 331 1239 nem
355 1170 595 1260 paternitatis,
621 1169 658 1234 in
682 1170 880 1256 praedicato
904 1171 1115 1258 attribuitur
1139 1172 1171 1238 ei
1189 1172 1244 1238 vis
1266 1178 1301 1238 et
1325 1179 1427 1240 actus

255 1277 472 1366 spirationis,
500 1297 567 1365 qua
589 1298 657 1342 non
681 1277 835 1342 refertur
857 1276 901 1342 ad
924 1276 1068 1360 Filium,
1095 1284 1130 1343 et
1161 1278 1235 1344 ideo
1266 1301 1327 1366 per
1351 1300 1427 1345 eam

257 1404 320 1450 nec
344 1382 581 1469 distinguitur
605 1405 625 1448 a
647 1381 752 1466 Filio;
779 1383 838 1448 sed
863 1383 1011 1470 spiratio
1034 1389 1088 1448 est
1112 1383 1253 1450 dilectio
1278 1385 1428 1453 fecunda

254 1512 276 1555 a
298 1492 404 1556 Patre
429 1488 680 1556 communicata
702 1488 808 1571 Filio,
829 1511 897 1579 qua
921 1511 986 1555 non
1011 1490 1126 1555 minus
1150 1512 1250 1579 quam
1274 1491 1428 1559 essentia

253 1619 358 1664 unum
385 1603 478 1678 sunt,
498 1603 534 1663 et
556 1603 597 1662 ut
620 1618 726 1663 uuum
759 1597 969 1684 principium
998 1596 1190 1683 producens
1222 1599 1426 1677 referuntur

253 1701 297 1766 ad
323 1700 499 1788 Spiritum·
521 1700 686 1767 Sanctum
708 1721 768 1766 seu
786 1699 829 1766 ad.
853 1721 1000 1766 amorem
1023 1701 1230 1787 productum
1254 1709 1290 1769 et
1313 1703 1427 1770 subsi-

255 1812 413 1889 stentem,
432 1812 538 1895 atque
562 1805 638 1871 ideo
663 1827 724 1892 per
747 1806 889 1872 eandem
914 1806 1138 1894 spirationem
1163 1808 1205 1874 ab
1229 1829 1279 1891 eo,
1299 1816 1341 1876 ut
1357 1809 1427 1897 spi·

167 1955 170 1960 -
252 1913 401 1980 rationis
426 1913 584 1995 termino,
610 1912 755 1979 realiter
779 1913 1062 2000 distinguuntur.
1098 1913 1197 1994 Quod
1230 1914 1362 1982 dicitur
1383 1908 1424 1982 ¹in

254 2021 489 2110 consequenti,
509 2019 700 2087 ridiculum
724 2025 788 2086 est.
814 2021 916 2086 Certe
940 2019 1000 2084 sub
1024 2023 1158 2085 nomine
1183 2023 1303 2092 Patris
1326 2045 1425 2088 num-

253 2152 355 2221 quam
387 2127 690 2214 comprehenditur
715 2126 846 2207 Fr‘lius,·
869 2125 925 2193 his
960 2127 1049 2192 enim
1086 2127 1283 2194 nominibus
1318 2152 1424 2195 enun-

252 2237 390 2302 tiantur
414 2235 502 2301 duae
527 2256 692 2322 personae
718 2234 782 2299 sub
798 2254 838 2298 ea
855 2233 996 2299 formali
1011 2233 1159 2316 ratione,
1178 2256 1255 2324 ,qua
1279 2235 1372 2302 inter
1389 2259 1425 2303 se

253 2343 537 2430 distinguuntur.
566 2341 632 2408 Sed
656 2340 721 2407 hac
752 2340 841 2406 reali
876 2339 1101 2407 distinctione
1137 2340 1366 2428 paternitatis
1389 2349 1426 2410 et

252 2448 436 2515 filiationis
472 2447 665 2534 supposita,
692 2451 808 2533 potest
831 2445 1011 2512 enuntiari
1035 2446 1075 2513 de
1101 2468 1170 2513 una
1201 2469 1347 2535 persona
1370 2448 1421 2530 id,

253 2556 343 2646 quod
368 2554 400 2620 ei
423 2564 476 2620 est
501 2573 675 2619 commune
700 2559 736 2618 et
760 2575 865 2617 unum
890 2576 967 2619 oum
990 2575 1137 2640 persona
1165 2554 1249 2621 alia.
1276 2555 1423 2635 Quando

251 2662 367 2730 Filius
391 2661 494 2731 dixit:
524 2681 617 2747 rego
633 2666 668 2725 et
690 2661 795 2725 Pater
819 2682 927 2726 unum
951 2682 1082 2743 sumus,
1099 2687 1115 2720 n
1142 2661 1278 2727 nomine
1302 2664 1424 2728 Patris

252 2792 319 2835 non
343 2765 601 2854 comprehcndit
624 2786 660 2831 se
685 2759 812 2852 ipsum,
832 2766 890 2831 sed
916 2765 984 2831 imo
1007 2788 1043 2832 se
1068 2766 1235 2832 distinxit
1259 2787 1280 2831 a
1302 2767 1421 2851 Patre;

252 2884 327 2941 tum
345 2896 426 2941 vero
443 2874 479 2939 in
496 2872 697 2960 praedicato
715 2871 924 2956 declaravit,
943 2872 979 2938 in
997 2895 1143 2961 quonam
1167 2875 1234 2942 duo
1257 2873 1423 2941 distincti

252 2982 325 3048 sint
348 3003 468 3047 unum.
495 2979 552 3045 Ita
575 2978 681 3044 etiam
705 2979 841 3067 quando
865 2971 1009 3061 dicitur,
1039 2981 1144 3045 Pater
1176 2980 1287 3068 spirat
1312 2980 1424 3069 Spiri·
1489 3066 1492 3072 .

252 3098 326 3158 tum
351 3089 529 3169 Sanctum,
556 3086 614 3152 vel
637 3085 794 3174 Spiritus
818 3086 974 3173 procedit
997 3107 1018 3152 a
1041 3089 1159 3170 Patre,
1184 3088 1241 3155 vel
1265 3087 1425 3176 Spiritus

146 3223 151 3230 ·
252 3208 304 3262 est
321 3194 451 3277 Patris,
471 3193 535 3259 sub
558 3192 693 3258 nomine
716 3194 837 3258 Patris
859 3215 927 3258 non
944 3191 1016 3258 alia
1032 3215 1133 3281 quam
1150 3195 1262 3282 prima
1279 3217 1425 3283 persona

252 3301 410 3389 intelligi
443 3305 570 3389 potest;
598 3320 720 3367 verum
751 3299 792 3366 de
824 3320 864 3365 ea
893 3290 1102 3366 enuntiatur
1125 3299 1174 3382 id,
1202 3300 1292 3389 quod
1316 3301 1349 3368 ei
1372 3310 1426 3370 est

255 3430 430 3479 commune
448 3415 483 3474 et
499 3429 607 3473 unum
631 3427 708 3472 cum
733 3407 896 3490 secunda,
923 3413 959 3474 et
975 3429 1042 3496 quo
1066 3429 1133 3473 non
1158 3403 1346 3475 asecunda
1365 3409 1424 3476 sed

254 3541 274 3584 a
292 3517 366 3583 sola
381 3516 490 3582 tertia
514 3535 659 3601 persona
674 3512 925 3601 distinguitur.
946 3513 1017 3594 Qui
1034 3513 1172 3600 spirant
1194 3514 1424 3602 (principium

251 3620 357 3713 quod)
374 3627 456 3688 sunt
479 3619 567 3686 duae
590 3641 755 3707 personae
779 3619 993 3707 paternitate
1013 3625 1050 3686 et
1072 3618 1245 3685 filiatione
1268 3641 1337 3685 non
1363 3642 1423 3687 au·

251 3736 322 3796 tem
346 3728 536 3816 spiratione
560 3725 758 3812 distinctae;
785 3725 944 3793 formalis
967 3725 1060 3792 ratio
1091 3727 1156 3792 sub
1187 3747 1255 3814 qua
1285 3725 1425 3815 spirant

251 3836 476 3923 (principium
500 3837 595 3923 quo),
619 3854 690 3898 una
713 3839 766 3900 est
797 3833 987 3899 eommunis
1019 3831 1162 3927 dilectio
1186 3832 1337 3926 fecunda
1361 3855 1423 3900 seu

253 3964 324 4012 una
347 3940 403 4009 vis
427 3941 609 4030 spiratrix;
637 3939 731 4008 sicut
753 3944 826 4007 tres
851 3947 934 4008 sunt
957 3960 1123 4028 personae
1138 3940 1424 4031 proprietatibus

253 4050 453 4131 distinctae,
480 4070 568 4138 quac
592 4055 722 4140 creant,
742 4049 909 4115 sedunus
934 4048 1123 4115 communis
1146 4056 1200 4115 est
1223 4055 1336 4131 actus,
1356 4071 1423 4139 quo

254 4163 384 4227 creant.
411 4156 493 4222 ldeo
517 4156 604 4223 duae
628 4175 793 4244 personae
817 4155 1005 4223 distinctae
1030 4178 1120 4222 unus
1147 4163 1231 4224 sunt
1255 4156 1421 4245 spirator,

254 4267 348 4333 sicut
362 4270 434 4329 tres
452 4261 639 4331 distinctae
655 4282 820 4350 personae
837 4270 919 4330 sunt
936 4283 1025 4328 unus
1050 4270 1186 4329 creator
1210 4261 1419 4350 (Augustin.

255 4371 354 4439 Trin.
374 4370 398 4438 l.
418 4368 461 4436 V.
481 4394 510 4437 c.
530 4369 613 4455 14.).
640 4370 817 4456 Negamus
841 4371 967 4458 igitur,
994 4369 1219 4457 spirationem
1244 4393 1318 4437 esse
1339 4394 1420 4458 pro·
