3120 4988
696 117 876 181 -287-

200 232 413 302 contrarium
436 229 672 299 concluditur.
698 230 803 319 Apud
829 229 1037 318 Gregorium
1061 229 1367 320 Thaumaturgum

201 342 268 425 (ita
291 343 437 430 Langen
461 338 653 424 concludit)
679 362 775 406 <cnon
800 339 965 406 habemus
988 339 1093 405 breve
1117 360 1157 405 ao
1173 337 1367 427 praecisum

190 449 408 537 symbolum,
429 469 495 536 quo
519 469 586 511 non
611 446 708 513 aliud
734 469 834 538 quam
859 445 1019 514 doctrina
1041 445 1223 514 Ecclesiae
1246 467 1369 534 propo-

198 565 317 638 natur,
330 556 389 623 sed
405 553 673 643 explicationem
690 553 838 642 symboli
857 538 1046 622 secundum
1057 554 1214 621 notiones
1230 551 1368 620 scholae

199 663 451 753 origenianae:
478 662 562 729 haec
586 660 776 750 explicatio
793 661 941 750 symboli
966 684 1032 728 non
1057 660 1244 729 exhibetur
1267 660 1368 728 nobis

198 770 299 839 velut
322 769 471 838 traditio
494 769 720 857 apostolica»
747 775 794 857 (p.
815 769 897 854 lb).
924 769 1028 858 Apud
1044 770 1293 868 Damascennpr
1309 791 1368 833 em-

190 877 344 962 plicotio
370 879 407 941 iu
431 873 577 963 symbolo
603 881 680 942 erat
702 874 795 942 ratio
819 875 1025 959 affirmandi,
1045 875 1136 962 apud
1161 873 1392 963 Gregorium'

194 983 317 1050 cadem
341 989 396 1050 est
419 983 511 1050 ratio
546 981 699 1070 negandi
722 982 793 1048 vim
825 982 1017 1071 dogmatis3
1045 982 1145 1050 cuius
1169 981 1367 1070 negationis

189 1089 321 1155 miram
348 1086 640 1156 confirmationem
666 1086 849 1176 theologus
873 1093 991 1156 noster
1014 1086 1147 1177 reperit
1169 1087 1207 1155 in
1231 1087 1369 1156 defectu

194 1196 383 1262 brevitatis
406 1194 568 1284 symboli.
596 1195 686 1263 Sane
709 1195 774 1263 hac
795 1194 953 1263 methodo
971 1195 1165 1283 symbolum
1182 1195 1368 1284 Neoprote-

189 1302 370 1370 stantium
395 1301 651 1386 brevissimum,
678 1307 742 1369 aut
765 1325 827 1391 pro
850 1302 968 1370 lubitu
993 1301 1131 1369 nullum
1155 1303 1236 1370 erit.

266 1407 307 1473 3¹⁰
330 1407 510 1475 Hactenus
525 1407 617 1474 nihil
642 1409 711 1475 nisi
736 1430 847 1476 meras
875 1408 1080 1497 negationes
1108 1406 1286 1476 fallaciter
1313 1409 1368 1475 ob·

195 1523 319 1584 trusae
344 1517 509 1601 vidimus,
546 1516 673 1608 quibus
698 1517 916 1610 consentiens
940 1523 976 1586 et
1000 1516 1213 1586 universalis
1242 1517 1370 1586 doctri·

196 1643 243 1689 na
260 1621 301 1690 de
317 1623 468 1692 articulo
484 1622 645 1712 mysterii
659 1623 848 1692 Trinitatis
873 1646 1096 1715 personarum
1120 1647 1187 1692 non
1203 1626 1248 1694 ad
1265 1624 1369 1693 fidem

199 1728 442 1815 christianam,
461 1731 520 1798 ssd
545 1732 588 1799 ad
617 1731 826 1820 «opiniones
852 1738 887 1800 et
916 1732 1172 1821 speculationes
1197 1732 1368 1821 theologi·

201 1859 287 1905 casn
308 1840 481 1929 portinere
505 1841 632 1931 absque
659 1839 733 1906 nlla
758 1840 870 1930 specie
894 1839 1043 1908 rationis
1067 1847 1129 1906 aut
1152 1838 1369 1930 probationis

200 1950 393 2019 dicebatur.
410 1947 613 2039 Sequuntur
628 1972 720 2016 nunc
735 1948 857 2015 Patres
870 1946 938 2032 illi,
956 1969 997 2015 ex
1015 1947 1141 2039 quibus
1154 1971 1173 2013 u
1185 1950 1368 2025 Professor

199 2056 426 2145 theologiae»
453 2058 614 2145 producit
637 2078 744 2123 unum
769 2055 963 2124 alterumve
988 2055 1226 2124 testimonium
1251 2056 1292 2123 de
1316 2056 1367 2123 di·

199 2164 351 2233 vinitate
376 2163 531 2253 Spiritus
555 2163 700 2246 Sancti,
727 2164 811 2254 quin
836 2163 942 2231 simul
973 2164 1125 2232 eiusdem
1150 2163 1369 2254 processioa

202 2272 295 2339 Filio
320 2278 383 2338 aut
404 2294 464 2359 per
490 2272 622 2340 Filium
653 2278 959 2359 commemoretur;
985 2272 1077 2340 unde
1101 2272 1266 2341 continuo
1291 2295 1372 2339 con··

200 2379 332 2462 cludit,
359 2380 510 2447 testibus
542 2379 598 2445 his
623 2402 669 2447 ss.
689 2380 888 2448 doctoribus
912 2381 1116 2450 relationem
1141 2380 1298 2472 Spiritus
1322 2380 1365 2449 ad

198 2487 329 2555 Filium
362 2508 430 2553 non
453 2488 546 2555 inter
570 2487 732 2577 dogmata
759 2488 956 2574 Ecclesiae,
983 2489 1043 2558 scd
1067 2490 1159 2558 inter
1184 2488 1364 2578 opiniones
1395 2528 1397 2532 »

199 2594 414 2682 theologicas
431 2595 665 2683 particulares
682 2595 874 2664 habendam
897 2619 982 2665 esse.
1002 2597 1128 2665 Forma
1144 2595 1251 2663 huius
1264 2618 1370 2683 argu-

200 2701 424 2768 mentationis
448 2701 564 2769 eadem
581 2703 680 2769 nobis
696 2704 790 2792 apud
813 2704 976 2794 antiquos
992 2703 1183 2770 Photianos
1199 2701 1366 2785 occurrit,

199 2831 238 2878 eo
261 2815 377 2876 tamen
402 2807 622 2893 discrimine,
650 2809 740 2900 quod
764 2809 820 2876 illi
845 2811 922 2878 loca
946 2811 1156 2878 attestantia
1179 2809 1370 2900 processio-

199 2939 276 2984 nem
300 2938 320 2983 a
343 2916 436 2983 Filio
466 2918 677 2983 obtruncant
700 2922 764 2983 aut
794 2917 1039 3006 supprimunt,
1065 2916 1111 2985 iis
1134 2918 1219 2985 solis
1243 2917 1369 3006 produ·

201 3024 281 3106 ctis,
307 3022 498 3113 inquibus
523 3023 564 3090 de
588 3022 703 3090 eadem
728 3024 946 3112 processione
963 3030 1119 3111 tacetur;
1146 3024 1230 3093 novi
1253 3031 1369 3092 autem

199 3128 365 3196 Photiani
390 3136 492 3196 tanta
516 3153 583 3196 non
608 3129 685 3198 ausi
710 3129 842 3198 sincere
864 3131 1067 3199 describunt
1083 3131 1248 3222 pleraque
1271 3130 1370 3199 testi·

201 3238 333 3323 monia;
353 3238 444 3304 unde
461 3237 513 3321 lit,
529 3246 569 3305 ut
585 3238 641 3305 illi
666 3238 778 3327 magis
803 3240 1001 3324 fraudibus,
1018 3240 1055 3306 hi
1071 3238 1369 3307 manifestioribus

202 3344 539 3412 contradictionibus
564 3367 668 3445 agere
692 3346 1008 3436 deprehendantur.
1035 3347 1202 3415 Producit
1225 3347 1368 3434 Langen
1497 3357 1499 3362 '

200 3452 400 3520 testimonia
425 3452 521 3519 clara
555 3476 618 3541 pro
642 3456 858 3543 processione
892 3455 1049 3544 Spiritus
1073 3454 1194 3522 Sancti
1220 3475 1240 3520 a
1263 3455 1369 3522 Patre

197 3584 263 3651 per
286 3560 419 3627 Filium
442 3566 478 3627 et
502 3585 523 3625 a
548 3561 642 3628 Filio
667 3584 709 3629 ex
732 3563 881 3651 prolixis
905 3563 1216 3652 disputationibus,
1242 3561 1368 3653 quibus

201 3668 433 3751 Athanasius,
448 3668 617 3754 Basilius,
633 3670 792 3758 Cyrillus
805 3671 1162 3760 Hierosolymitanus,
1177 3670 1369 3759 Gregorius

202 3779 465 3862 Nazianzenus,
491 3777 673 3862 Hilarius,
707 3778 952 3867 Augustinus,
987 3780 1144 3870 Vigilius
1180 3779 1369 3869 Tapsensis

203 3886 328 3973 dogma
351 3884 408 3952 vel
431 3907 473 3952 ex
498 3887 693 3974 Scripturis
717 3886 955 3954 demonstrant
978 3910 1018 3954 ac
1042 3887 1234 3972 declarant,
1254 3887 1311 3956 vel
1329 3893 1370 3954 ut

203 4000 323 4059 notum
342 3992 384 4059 'in
409 3992 569 4060 doctrina
590 3994 784 4062 christiana
807 4004 991 4064 assumunt
1007 3997 1050 4064 ad
1068 3996 1156 4063 alios
1180 3996 1371 4065 haeretico-

204 4122 282 4167 rum
307 4122 441 4167 errores
471 4101 698 4188 refellendos;
735 4109 810 4170 tum
841 4109 981 4191 repente
1013 4105 1220 4193 subiungit,
1247 4107 1369 4172 Patres

203 4207 291 4276 istos
315 4207 507 4276 doctrinam
523 4209 575 4277 ita
589 4213 766 4299 probatam
782 4217 817 4279 et
832 4219 1044 4302 assumptam
1069 4215 1222 4304 apprime
1246 4201 1370 4282 distin-¹
