3120 4988
697 302 734 319 ·—
756 275 794 338 50
816 309 854 322 -
931 326 933 329 ,

258 378 298 448 Si
322 401 451 448 novum
474 381 539 451 hoc
562 382 747 449 inventum
770 381 994 467 admittatur,
1021 383 1159 452 omnino
1182 384 1273 454 duae
1295 392 1370 456 sta·

192 489 342 557 tuendae
377 496 482 557 erunt
507 489 665 580 Spiritus
695 490 817 558 Sancti
848 496 1020 574 naturae,
1047 514 1115 559 non
1139 515 1240 562 secus
1264 518 1369 585 quam

192 596 299 664 Verbi
323 597 520 685 incarnati;
546 605 610 666 aut
633 605 726 666 certa
750 620 792 666 ex
816 597 889 665 ista
925 598 1087 666 doctrina
1110 601 1286 671 Photiana
1316 604 1370 671 fa·

192 704 323 772 cillime
347 706 565 793 probabitur,
593 706 759 781 mundum
784 727 852 772 non
877 727 952 774 esse
976 713 1129 775 creatum
1154 712 1263 780 aDeo
1285 736 1368 802 qua-

191 817 293 879 tenus
311 813 405 878 Deus
421 821 487 895 est,
506 814 566 880 sed
584 817 756 903 quatenus
769 818 821 879 est
841 840 857 875 a
874 834 1019 900 operans
1036 813 1080 881 ad
1096 822 1210 900 extra,
1228 843 1244 878 s
1265 817 1369 908 quasi

192 941 275 987 vero
298 920 393 987 Deus
416 941 485 985 non
510 926 551 986 ut
575 920 669 987 Deus
693 926 858 1007 operetur
882 921 927 987 ad
951 926 1065 990 extra.
1093 922 1130 990 Si
1156 924 1247 991 forte
1273 924 1371 994 dica-

191 1031 282 1108 rent,
302 1050 338 1093 se
363 1026 585 1114 distinguere
609 1049 629 1092 a
653 1024 792 1114 Spiritu
817 1025 946 1094 Sancto
964 1033 1004 1094 ut
1018 1029 1114 1096 Deus
1129 1035 1195 1114 est,
1214 1037 1369 1099 tautum·

194 1132 292 1200 modo
317 1135 428 1220 ipsum
458 1157 542 1220 opas
566 1130 612 1198 cd
636 1148 755 1214 eutrc5
779 1133 822 1200 ad
846 1132 945 1201 aliud
977 1134 1224 1204 delaberentur
1247 1139 1370 1205 absur-

194 1243 287 1340 dum.
315 1241 435 1330 Neque
451 1241 542 1307 euim
567 1264 653 1328 opus
677 1248 713 1308 et
736 1242 895 1324 effectus,
915 1241 975 1310 sed
1001 1243 1077 1330 ipsa
1101 1264 1247 1331 persona
1263 1267 1368 1335 quam

194 1348 257 1416 isti
281 1349 403 1415 dicunt
429 1376 445 1410 c
460 1370 689 1416 successorem
714 1348 851 1417 Christi
865 1375 883 1412 n
900 1357 936 1417 et
963 1378 980 1413 a
995 1349 1151 1437 legatum
1169 1359 1369 1441 operantem

195 1457 238 1523 ad
262 1465 409 1538 extra»
436 1478 497 1522 seu
523 1462 563 1522 ut
586 1455 750 1521 Christus
774 1456 839 1539 ait,
859 1457 932 1544 ipse
956 1457 1111 1543 Spiritus
1133 1460 1295 1524 veritatis
1318 1459 1369 1526 di·

196 1567 289 1632 citur
312 1563 469 1651 accipere
492 1562 629 1655 aliquid
653 1584 674 1627 a
697 1563 805 1630 Filio.
1290 1579 1294 1586 ·

261 1672 446 1738 Rationem
471 1692 586 1758 porro,
613 1692 676 1737 our
701 1670 858 1759 Spiritus
883 1669 1037 1746 Sanctus
1061 1670 1367 1760 accipiataFilio,

195 1781 269 1869 ipsa
291 1779 409 1847 Filius
440 1802 508 1845 non
544 1780 649 1845 istam
685 1780 793 1846 affert
816 1800 837 1844 a
860 1778 1015 1846 Macaria
1046 1779 1250 1864 inventam,
1278 1783 1369 1873 quod

196 1885 361 1952 Christus
386 1891 427 1952 ut
451 1884 550 1950 homo
574 1885 711 1975 accepit
735 1885 929 1952 doctrinam
953 1907 975 1951 a
997 1886 1125 1970 Patre,
1151 1887 1192 1954 de
1217 1909 1286 1978 qua
1310 1891 1369 1955 do-

196 1992 312 2070 ctriua
336 1991 470 2061 Christi
494 1992 644 2058 hominis
669 1991 822 2080 accipiat
846 1992 1004 2080 Spiritus
1029 1990 1198 2081 Sanctus3
1225 1996 1285 2062 sed
1308 1995 1367 2064 Fi-

195 2100 267 2167 lius
291 2101 472 2191 evidenter
496 2098 655 2189 loquitur
680 2098 721 2165 de
745 2119 781 2164 se
802 2096 1019 2185 praedicatis
1043 2097 1185 2182 divinis,
1211 2103 1366 2195 adeoque

196 2205 375 2271 secandum
391 2205 545 2271 divinam
559 2230 654 2270 suam
670 2218 845 2274 acturam.
866 2234 882 2268 c
898 2206 992 2287 Quia
1008 2210 1123 2272 omitia
1139 2229 1369 2302 qaaecumque
1396 2272 1400 2277 .

197 2315 296 2380 tabet
320 2314 439 2396 Pater,
456 2338 529 2379 mea
545 2328 624 2378 sunt
647 2316 714 2401 (ita
738 2320 854 2380 tamen
871 2321 914 2380 nt
930 2313 993 2380 ille
1012 2325 1149 2383 maneat
1173 2318 1292 2399 Pater,
1312 2321 1370 2388 hic

196 2421 336 2501 atrius,
359 2420 512 2510 adeoque
537 2418 669 2487 sintin
694 2420 798 2486 Patre
823 2442 889 2485 non
914 2421 1179 2505 communicata,
1206 2423 1244 2491 in
1273 2425 1371 2495 Filio

197 2528 450 2594 communicata
474 2527 590 2593 omnia
612 2526 956 2615 praeteriormalem
982 2529 1151 2595 rationem
1175 2533 1370 2619 paternita-

197 2635 273 2722 tis);
280 2649 461 2724 propterea
475 2634 567 2716 dici,
578 2637 663 2725 quic
672 2637 843 2724 (Spiritus
855 2637 1029 2722 veritatis)
1041 2636 1081 2702 de
1096 2660 1164 2703 meo
1182 2641 1367 2728 accipiet-s

197 2853 277 2908 homo
297 2857 396 2922 estet
414 2869 476 2907 esse
505 2855 620 2919 legatus
646 2853 758 2906 Christi
787 2854 924 2908 hominist
947 2853 1038 2922 Atqui
1065 2854 1200 2910 Christus
1229 2860 1373 2925 quatenus

197 2945 279 2997 homo
300 2948 353 3011 est,
370 2960 426 2996 nou
448 2944 498 2998 dat
517 2945 642 3010 Spiritui
662 2943 711 2996 ssd
732 2945 837 3010 accipit
855 2961 872 2997 a
891 2945 1002 3011 Spiritu
1029 2945 1132 2998 Sancto
1160 2945 1320 3002 doctrinam
1345 2950 1374 3002 et

197 3039 291 3087 cetera
311 3034 385 3087 dona
414 3037 534 3087 naturae
554 3034 703 3100 humanae;
719 3050 771 3087 uec
790 3051 846 3101 qua
864 3036 946 3088 homo
966 3022 1019 3101 est,
1041 3037 1102 3102 ipse
1121 3038 1216 3090 mittit
1235 3037 1285 3090 sed
1305 3041 1371 3092 mit·

197 3124 272 3175 titur
291 3141 307 3176 a
327 3124 438 3190 Spiritu
458 3125 571 3177 Sancto.
593 3124 697 3176 Verum
726 3129 865 3190 quatenus
892 3123 964 3176 Filii
995 3130 1063 3178 sunt
1092 3126 1196 3190 omnia,
1223 3142 1296 3194 pace
1317 3128 1374 3180 Pa·

196 3214 255 3275 tris,
272 3229 337 3278 ergo
358 3219 499 3279 quatenus
519 3216 593 3267 Deus
614 3218 659 3265 est
680 3213 713 3265 de
733 3215 800 3279 Deo,
816 3214 850 3266 ab
871 3214 934 3280 ipso
953 3213 1031 3267 Filio
1059 3217 1127 3267 boec
1157 3217 1250 3268 eadem
1277 3218 1374 3269 omnia

198 3304 303 3368 accipit
321 3304 450 3370 Spiritus
469 3303 599 3370 Sanctus;
615 3307 756 3371 quatenus
782 3303 916 3356 Christus
943 3304 1025 3357 bomo
1054 3309 1111 3370 est,
1133 3307 1194 3371 ipse
1220 3311 1373 3373 conceptus

199 3396 244 3445 ast
265 3392 299 3444 de
326 3391 442 3458 Spiritu
461 3392 566 3444 Sancto
586 3398 615 3445 et
634 3405 737 3445 unctus
757 3409 774 3445 a
793 3394 904 3459 Spiritu
924 3392 1037 3460 Sanct05
1054 3399 1196 3459 quatenus
1215 3394 1292 3448 Deus
1318 3398 1373 3462 est,

199 3481 281 3535 dicit:
297 3497 348 3547 ego
367 3482 450 3535 mitto
470 3482 611 3548 Spiritum
631 3484 780 3550 veritatis3
796 3486 939 3550 quatenus
959 3484 1050 3551 homo,
1065 3484 1117 3538 eit:
1132 3499 1184 3548 ago
1202 3485 1308 3549 rogabo
1321 3486 1372 3539 Pa·

199 3575 281 3637 trem,
296 3574 325 3622 et
344 3569 431 3622 alium
450 3571 623 3623 Paraclitum
643 3571 725 3624 dabit
744 3571 836 3624 vobis.
1396 3569 1399 3574 ’

269 3659 456 3724 Theophanes
474 3659 674 3724 Prokopowicz
694 3661 728 3713 ab
748 3658 877 3713 Ecclesia
894 3658 1042 3712 Catholica
1062 3662 1204 3728 apostata,
1221 3660 1252 3712 in
1266 3660 1374 3728 princi·

197 3747 246 3814 pio
264 3746 474 3801 fundamentaii
494 3747 528 3799 de
548 3747 696 3814 Scriptura
716 3752 745 3801 et
770 3747 927 3801 traditione
947 3749 1124 3810 Protestans,
1142 3736 1265 3801 munera
1283 3749 1372 3802 schis-

198 3839 318 3890 maticus
336 3837 577 3904 Archiepiscopus
596 3839 850 3905 Novogrodions'is,
876 3838 967 3891 adbuc
989 3839 1095 3890 alarius
1115 3852 1201 3906 eoque
1222 3827 1374 3892 absurdius

199 3927 338 3994 loquitur.
351 3928 446 3982 Verba
465 3927 576 3980 Christi
596 3928 719 3993 Domini,
740 3928 848 3995 inquit,
866 3928 1020 3981 «doctriua
1040 3943 1110 3995 mea,
1131 3943 1188 3980 uon
1208 3934 1254 3981 est
1272 3945 1381 4007 measa

202 4038 214 4066 u
236 4016 360 4069 studetis
380 4034 422 4071 me
441 4018 599 4071 interficere
619 4018 769 4085 hominem,
794 4020 842 4085 qui
861 4020 1014 4072 veritatem
1034 4019 1117 4070 vobis
1137 4019 1245 4070 locutus
1266 4034 1336 4086 sum,
1360 4039 1373 4067 s

199 4119 299 4157 munus
319 4104 409 4168 legati
430 4106 604 4172 exprimunt.
616 4126 628 4153 a
639 4105 718 4169 Quod
738 4106 764 4159 si
776 4107 853 4160 dices
867 4106 936 4158 haec
955 4106 989 4157 da
1009 4104 1125 4159 Christo
1137 4104 1205 4171 dici,
1221 4121 1277 4172 qua
1291 4106 1374 4160 bomo

200 4197 254 4259 ast,
270 4191 395 4260 adeoque
415 4194 558 4262 disparem
577 4196 682 4248 habere
703 4197 852 4261 rationem;
869 4194 1037 4264 respondeo,
1053 4195 1139 4246 etiam
1153 4193 1228 4248 illud
1248 4191 1318 4266 (non
1331 4197 1374 4250 lc·

201 4289 304 4351 quatur
324 4302 341 4340 a
360 4287 530 4354 semetipso,
554 4286 586 4339 de
612 4302 672 4339 meo
691 4283 826 4360 accipiet)
847 4287 880 4338 ds
903 4287 1013 4352 Spiritu
1043 4290 1148 4340 Sancto
1178 4286 1282 4339 dictam
1311 4304 1379 4359 esse,

199 4391 260 4430 stoc
278 4393 336 4448 qua
350 4378 425 4432 Deua
435 4386 483 4444 cet,
498 4377 547 4431 sed
558 4373 617 4447 quc
628 4380 738 4444 leuatus
750 4386 777 4430 st
791 4377 829 4430 ud
841 4387 920 4429 satra
935 4393 1053 4444 operum
1068 4397 1081 4427 a
1101 4377 1303 4445 Prokopowicz
1316 4377 1338 4432 1.
1348 4394 1374 4432 a.
