3120 4988
747 278 905 341 ..18-

243 380 336 452 cedit
360 403 422 471 per
445 381 699 470 spirationem);
724 384 783 452 sed
808 385 978 455 relatione
1002 408 1072 454 una
1095 392 1132 456 et
1155 388 1327 457 communi
1344 389 1415 479 spi·

172 510 174 514 ·
241 488 371 558 ratoris
396 490 604 558 referuntur
627 492 671 558 ad
697 491 870 581 Spiritum
895 495 1061 562 Sanctum
1090 497 1206 564 abeis
1231 499 1415 587 proceden-

242 604 331 681 tem,
358 604 393 664 et
416 606 602 686 propterea
626 598 691 666 hac
715 599 792 689 ipsa
815 602 1009 690 spiratione
1032 610 1068 671 et
1098 606 1316 692 processione
1340 610 1429 674 rea-¹

243 702 329 771 liter
353 703 463 772 abeis
480 704 685 773 distinctum
704 714 744 774 ut
759 729 940 795 personam
965 710 1117 777 tertiam.
1137 711 1247 787 Nulla
1263 721 1317 782 est
1333 736 1418 803 ergo

159 804 161 811 ‘
243 811 280 878 in
305 810 467 879 doctrina
496 813 670 881 catholica
693 817 869 884 confusio·
889 841 1137 907 personarum,
1169 822 1228 890 sed
1261 823 1418 890 defensio

244 917 345 986 illius
370 918 476 986 realis
500 919 760 1007 distinctionis,
788 947 876 1014 quae
900 926 974 994 sola
1005 930 1193 996 secundum
1224 930 1417 1000 revelatam

243 1026 430 1093 veritatem
447 1027 589 1095 admitti
613 1037 730 1116 potest
752 1053 793 1098 ao
810 1032 921 1117 debet,
941 1032 1022 1100 dnm
1038 1035 1237 1122 retinentur
1253 1044 1326 1104 tres
1341 1060 1417 1125 per·

244 1133 380 1201 sonales
399 1134 631 1224 proprietates
656 1137 916 1228 distinguentes
940 1145 976 1208 et
999 1143 1266 1226 constituentes,
1300 1150 1416 1232 pater·

243 1241 353 1326 nitas,
379 1244 520 1328 filiatio,
547 1247 733 1334 processio.

308 1347 475 1415 Photiani
499 1356 616 1417 autam
635 1349 815 1418 evidenter
832 1355 1042 1438 pervertunt
1062 1357 1174 1418 totum
1193 1352 1415 1439 mysterium.

244 1454 360 1523 Primo
385 1455 475 1522 anim
496 1456 634 1540 dicunt,
662 1459 801 1525 Patrem
825 1457 970 1525 realiter
994 1458 1169 1546 distingui
1193 1480 1214 1524 a
1236 1459 1331 1527 Filio
1356 1484 1418 1550 per

244 1561 485 1651 spirationem,
507 1563 590 1654 quin
615 1586 677 1652 per
699 1564 840 1632 eandem
858 1565 901 1633 ad
918 1565 1050 1633 Filium
1068 1574 1108 1634 ut
1124 1566 1331 1655 spirationis
1348 1575 1419 1636 ter-

149 1726 152 1732 .
244 1670 376 1738 minum
400 1671 597 1760 referatur;
623 1673 833 1764 insuperque
855 1673 989 1740 Filium
1024 1674 1170 1742 realiter
1194 1673 1372 1764 distingui
1396 1698 1417 1743 a

246 1778 386 1869 Spiritu
410 1779 557 1866 Sancto,
584 1781 669 1873 quin
695 1782 891 1850 intercedat
922 1781 1048 1849 relatio
1072 1780 1223 1870 originis
1245 1783 1352 1850 unius
1376 1784 1418 1851 ab
1517 1836 1522 1850 .

247 1888 372 1958 altero.
399 1887 529 1957 Verum
553 1891 633 1981 quis
656 1913 724 1957 non
740 1891 849 1974 videt,
869 1897 1020 1981 utraque
1036 1891 1102 1958 hac
1126 1890 1320 1959 assertione
1336 1894 1415 1959 fun-

245 1997 342 2066 ditus
366 1990 481 2066 e'verti
496 1997 706 2088 principium
731 2021 752 2064 a
775 1999 942 2066 Patribus
966 1997 1138 2066 communi
1161 2021 1329 2067 consensu
1353 2000 1412 2068 de·
1464 2009 1465 2012 ’

246 2105 383 2172 sensum
401 2105 579 2204 adversus
601 2104 771 2189 Arianos,
797 2106 931 2173 nullam
955 2127 1029 2173 esse
1052 2105 1144 2172 inter
1167 2128 1333 2194 personas
1360 2107 1413 2175 di·

246 2211 349 2280 vinas
373 2212 634 2280 distinctionem
663 2214 734 2282 nisi
758 2215 947 2283 seeundum
964 2213 1154 2280 relationes
1177 2213 1328 2302 originis
1353 2236 1414 2282 seu

246 2323 434 2392 secundum
470 2324 641 2391 rationem
672 2322 841 2413 principii
877 2328 912 2390 et
946 2320 1167 2411 procedentis
1201 2320 1418 2410 aprincipio

244 2437 353 2520 (κατα
378 2456 418 2499 το
446 2433 553 2498 ἀιτιον
578 2457 636 2498 και
661 2459 701 2500 το
729 2436 915 2519 ἀιτιατον).
940 2433 1143 2500 Hocautem
1159 2431 1419 2499 fundamentali

245 2541 420 2631 principio
443 2547 592 2625 retento,
620 2542 651 2609 si
674 2542 905 2609 nihilominus
922 2547 1054 2629 negant
1070 2540 1323 2628 processionem
1340 2539 1417 2628 Spi-

245 2649 338 2717 ritus
364 2647 484 2716 Sancti
508 2671 529 2717 a
551 2648 657 2734 Filio,
685 2649 851 2716 nihileis
877 2655 931 2717 est
949 2647 1143 2738 reliquum,
1170 2668 1272 2737 quam
1297 2653 1338 2715 ut
1361 2647 1420 2715 do-

246 2762 359 2840 ceant,
385 2755 524 2824 Patrem
548 2757 591 2824 ad
614 2756 746 2824 Filium
764 2762 807 2840 ut
821 2757 1007 2824 terminum
1032 2756 1276 2823 immanentem
1292 2755 1419 2823 referri

245 2888 306 2955 per
329 2865 440 2955 ipsam
464 2865 704 2955 spirationem,
730 2865 767 2934 h.
785 2888 815 2934 e.
841 2865 974 2932 Filium
998 2863 1183 2953 procedere
1197 2884 1219 2929 a
1235 2863 1339 2930 Patre
1356 2886 1418 2952 per

247 2972 498 3060 spirationem,
525 2977 631 3064 atque
654 2973 707 3040 ita
729 2971 860 3040 Filium
897 2981 933 3039 et
957 2971 1129 3059 Spiritum
1161 2969 1328 3037 Sanctum
1352 2992 1424 3036 non·

246 3078 334 3146 duas
359 3100 433 3145 essa
457 3101 622 3168 personas
645 3081 739 3146 inter
762 3101 798 3146 se
820 3079 965 3147 realiter
988 3078 1194 3161 distinctas,
1222 3077 1281 3145 sed
1306 3098 1420 3164 perso-

247 3211 332 3267 nam
350 3211 454 3257 nnam
475 3188 714 3277 procedentem
739 3210 760 3253 a
784 3189 888 3256 Patre
913 3208 974 3278 per
997 3186 1181 3274 originem,
1208 3206 1296 3274 quae
1320 3185 1420 3252 modo

246 3296 426 3386 generatio
450 3296 547 3363 modo
565 3297 711 3385 spiratio
739 3296 954 3385 appelletur,
981 3317 1020 3362 ao
1044 3300 1227 3382 propterea
1251 3312 1419 3380 personae

247 3404 448 3498 procedenti
471 3399 593 3471 nomen
617 3406 727 3473 faeiat
750 3404 825 3472 sive
848 3403 937 3471 Filii
961 3402 1036 3470 sive
1055 3401 1212 3491 Spiritus
1237 3399 1372 3467 Sancti.

306 3512 349 3588 20
371 3513 450 3582 Non
475 3511 583 3600 pudet
606 3512 796 3580 Macarium
827 3517 982 3599 repetere
1006 3510 1184 3598 stupidam
1208 3506 1306 3574 illam
1331 3497 1430 3575 obie‘

249 3619 398 3686 ctionem
422 3618 571 3687 aliorum
596 3621 860 3687 Photianorum.
888 3618 925 3685 Si
949 3617 1145 3707 (inquiunt)
1172 3627 1316 3701 propter
1341 3617 1419 3678 cni·

249 3740 353 3793 tatem
377 3729 543 3793 essentiae
564 3727 683 3794 Patris
706 3734 741 3794 et
763 3727 861 3808 Filii,
880 3725 1039 3814 Spiritus
1063 3723 1196 3790 dicitnr
1220 3743 1327 3813 aeque
1344 3744 1423 3810 pro-

249 3835 368 3904 cedere
391 3858 412 3902 a
434 3835 527 3902 Filio
552 3835 646 3902 siout
669 3857 689 3899 a
714 3836 837 3922 Patre,
864 3834 944 3900 inde
968 3832 1164 3900 necessario
1181 3830 1420 3921 consequitur,

250 3942 424 4032 Spiritum
456 3943 621 4013 Sanctum
655 3943 717 4033 qui
748 3951 800 4010 est
835 3943 941 4009 unius
976 3964 1055 4008 eum
1089 3941 1195 4008 Patre
1229 3938 1419 4022 essentiae,

249 4050 355 4118 simul
380 4074 457 4118 eum
481 4054 586 4119 Patre
611 4072 778 4140 generare
810 4050 960 4134 Filium3
987 4051 1054 4118 imo
1080 4048 1243 4139 quoniam
1275 4069 1346 4114 una
1370 4054 1424 4115 est

250 4160 361 4227 trium
384 4182 611 4248 personarum
645 4160 820 4242 essentia,
847 4181 1058 4249 consequens
1081 4159 1168 4242 erit,
1195 4157 1328 4225 Filium
1354 4181 1423 4224 nou

250 4268 348 4336 modo
373 4292 393 4335 a
418 4267 520 4336 Patre
542 4276 578 4337 et
602 4268 740 4357 Spiritu
764 4267 893 4335 Sancto
930 4267 988 4333 sed
1012 4266 1116 4333 etiam
1140 4288 1161 4333 a
1185 4267 1297 4356 seipso
1321 4289 1423 4354 gene·

250 4373 325 4442 rari
340 4398 348 4464 ς
374 4380 410 4443 et
426 4375 599 4466 Spiritum
624 4375 791 4444 Sanctum
804 4374 931 4444 siouta
949 4375 1054 4442 Patre
1070 4379 1106 4440 et
1119 4372 1226 4459 Filio,
1245 4373 1298 4441 ita
1312 4394 1424 4465 aeque
