3158 4980
692 358 729 372 -
750 323 808 388 230
829 354 865 369 -

178 434 236 502 'in
259 431 452 521 splendore.
481 429 642 500 eDivina
665 430 851 521 Scriptura
873 427 1075 498 huiusmodi
1092 429 1190 497 nobis
1207 422 1429 518 exemplet

198 541 310 628 (solis,
337 538 541 627 splendoris,
568 539 853 626 illuminationis)
878 539 1130 628 suppeditavit,
1146 544 1186 606 ut
1203 537 1429 627 superiu-

198 649 363 735 diximus,
390 673 431 717 ex
455 648 583 740 quibua
606 654 642 717 et
665 649 859 739 proditores
882 647 1031 717 Iudaeos
1049 648 1233 717 confutare
1250 668 1429 735 posen-—

199 780 276 826 mus
300 763 337 826 et
359 757 546 847 gentilium
571 755 792 843 calumniam,
819 756 879 850 qui
903 757 1007 824 aiunt
1028 762 1064 825 et
1088 755 1296 845 opinantur,
1310 774 1429 831 roffi

200 886 335 956 quoque
358 864 487 933 multos
504 866 584 935 deos
602 864 717 934 dicere
740 865 877 934 ratione
894 865 1098 934 Trinitatis.
1116 865 1239 955 Neque
1264 863 1358 931 enim
1376 918 1419 954 ,

200 976 241 1039 ut
253 971 470 1062 propositum
486 972 679 1063 exemplum
695 973 922 1058 demonstrat,
940 973 1013 1041 tria
1027 972 1203 1063 principia
1218 979 1284 1040 aut
1302 979 1406 1044 tres

198 1081 323 1151 Patres
346 1081 558 1168 inducimus,
584 1081 867 1173 quemadmodum
892 1088 928 1150 et
949 1080 1178 1150 Marcionitae
1202 1085 1240 1148 et
1263 1077 1382 1146 Mani·

199 1189 320 1272 ohaei,
347 1180 516 1282 siquidem
539 1213 607 1256 noa
631 1205 698 1256 tres
721 1190 807 1256 soles
830 1193 869 1255 in
894 1190 1082 1279 exemplum
1099 1190 1372 1278 proposuimus,

199 1295 256 1364 sed
279 1299 380 1365 solem
403 1315 435 1366 et
457 1297 680 1391 splendorem,
704 1322 873 1390 unamque
898 1299 1004 1364 lucem
1027 1321 1068 1364 eor
1090 1298 1160 1364 sols
1186 1299 1227 1361 in
1256 1296 1363 1387 splen·

201 1407 452 1478 dore....Unus
481 1409 575 1477 Deus
605 1408 711 1476 Pater
734 1408 772 1476 in
795 1428 833 1475 so
860 1406 935 1494 ipso
970 1405 1124 1475 existens
1157 1411 1201 1473 ut
1231 1404 1294 1494 qui
1317 1409 1364 1473 est

201 1536 308 1604 super
331 1536 460 1597 omnes,
485 1519 523 1584 et
546 1514 583 1583 in
605 1513 700 1583 Filio
724 1515 973 1583 manifestatus
989 1514 1104 1605 utqui
1119 1511 1288 1604 pervadit
1311 1533 1363 1602 por

202 1623 339 1707 omnia,
376 1629 411 1692 et
434 1622 471 1691 in
494 1622 633 1712 Spiritu
657 1628 698 1691 ut
722 1622 845 1714 quiin
878 1622 1036 1690 omnibus
1070 1643 1130 1710 per
1153 1620 1310 1690 Verbum
1333 1619 1364 1688 iu

201 1730 277 1822 ipso
301 1730 468 1821 (Spiritu)
491 1737 657 1822 operatur
674 1731 737 1819 (cf.
751 1730 841 1820 Eph.
861 1729 925 1801 IV.
945 1731 1007 1815 6.).
1027 1728 1086 1799 Sic
1103 1729 1196 1798 enim
1212 1750 1275 1819 per
1292 1726 1363 1795 Tri·

201 1839 349 1912 uitatem
366 1839 574 1908 eonfitemur
596 1861 703 1910 unum
720 1859 794 1908 esse
809 1837 921 1908 Deum
935 1865 952 1902 n
967 1837 1017 1928 (1)
1041 1837 1125 1906 ibid.
1140 1861 1177 1907 u.
1193 1836 1248 1905 15.
1264 1835 1369 1906 Vides

202 1945 261 2015 hie
284 1946 328 2015 sd
351 1946 595 2017 declarandam
618 1947 791 2020 unitatem
814 1945 986 2016 essentiae
1009 1967 1051 2014 ex
1074 1946 1179 2015 Patre
1202 1946 1239 2013 in
1262 1944 1366 2028 Filio,

203 2075 246 2127 ex
269 2055 377 2124 Patre
406 2062 450 2125 ct·
467 2055 562 2124 Filio
585 2061 661 2143 (seu
685 2078 727 2124 ex
750 2056 856 2126 Patre
879 2062 920 2125 ut
951 2079 1058 2124 unum
1082 2060 1137 2123 est
1160 2076 1238 2124 oum
1262 2052 1369 2138 Filio)

203 2164 240 2232 in
265 2161 405 2253 Spiritu
428 2164 568 2249 Sancto,
595 2170 668 2234 tres
690 2187 857 2256 personas
879 2164 1038 2234 exhiberi
1054 2168 1096 2233 ut
1112 2162 1230 2249 solem,
1259 2160 1370 2251 splen·

202 2272 331 2357 dorem,
357 2270 480 2343 lucem.
508 2272 678 2362 Splendor
707 2272 890 2362 refulgens
921 2296 964 2343 ex
987 2272 1058 2342 sole
1082 2295 1189 2340 unum
1213 2277 1272 2340 est
1294 2293 1369 2340 oum

203 2379 287 2465 sole,
312 2376 355 2447 ex
378 2380 510 2448 soloin
534 2380 715 2471 splendore
738 2381 775 2448 h.
793 2403 822 2451 e.
849 2404 891 2450 ex
914 2381 1019 2450 Patre
1043 2382 1080 2449 in
1102 2380 1197 2449 Filio
1220 2403 1286 2471 per
1309 2378 1371 2448 im·

202 2492 395 2556 manentem
419 2488 677 2576 generationem
700 2490 832 2578 genito,
852 2497 957 2581 atque
973 2490 1056 2558 adeo
1074 2496 1249 2581 quatenus
1265 2488 1370 2556 Pater

205 2601 240 2662 et
261 2593 380 2664 Filius
404 2617 510 2664 unum
535 2603 640 2682 sunt,
672 2596 791 2666 radiat
819 2595 883 2664 lux
906 2597 943 2666 h.
971 2618 1002 2667 e.
1027 2596 1186 2687 procedit
1213 2596 1371 2687 Spiritus

205 2700 369 2772 Sanctus.

271 2817 508 2907 Comparando
532 2817 652 2910 itaque
675 2822 748 2886 tres
766 2814 949 2885 formulas:
969 2839 1009 2882 eor
1026 2815 1133 2883 Patre
1144 2838 1208 2904 per
1223 2815 1372 2898 Filium,

206 2948 248 2990 aa
270 2925 379 2993 Patre
401 2926 440 2990 in
463 2924 572 3010 Filio,
591 2948 633 2992 ea
656 2924 762 2993 Patre
786 2936 818 2990 et
833 2923 929 2991 Filio
944 2920 1101 3013 procedit
1115 2925 1274 3012 Spiritus
1289 2927 1372 2996 Sun-

206 3048 292 3116 etus,
316 3033 399 3103 illae
424 3035 537 3125 quoad
560 3059 632 3105 rem
667 3033 904 3123 significatam
938 3052 1083 3122 prorsus
1107 3032 1197 3101 idem
1221 3031 1369 3119 dicunt;

205 3141 318 3234 quoad
341 3142 477 3211 modum
493 3142 720 3232 significandi
743 3141 894 3211 secunda
910 3148 964 3210 est
980 3140 1093 3210 media
1109 3140 1204 3209 inter
1226 3141 1372 3230 primam

207 3256 243 3319 et
265 3249 419 3320 tertiam.
445 3251 634 3321 Nemeum
657 3252 793 3341 prima,
831 3251 872 3320 de
896 3272 965 3341 qua
989 3249 1068 3320 vide
1100 3249 1309 3318 Tractatum
1332 3248 1372 3316 de

206 3359 305 3428 Trin.
334 3359 399 3427 Th.
414 3359 598 3447 xxxvl,
625 3360 788 3432 convenit
804 3359 842 3427 iu
857 3357 1065 3427 declaranda
1088 3356 1319 3426 distinctione
1333 3378 1371 3424 so

207 3469 376 3538 relatione
398 3471 518 3538 Patris
541 3492 581 3538 ao
603 3470 703 3555 Filii,
729 3492 806 3539 oum
832 3467 939 3548 tertia
962 3467 1000 3536 in
1022 3468 1241 3557 expressiore
1266 3466 1371 3556 signi·

206 3575 368 3645 ficatione
403 3577 554 3645 unitatis
576 3578 766 3666 principii,
797 3578 959 3669 quoniam
992 3574 1149 3668 Spiritus
1173 3575 1372 3665 procedite

206 3683 311 3752 Patre
333 3684 504 3777 Filioque,
530 3707 599 3753 non
623 3693 795 3777 quatenus
819 3688 1094 3778 distinguuntur
1117 3684 1178 3753 sed
1201 3690 1371 3778 quatenus

207 3791 246 3860 ri
269 3792 456 3883 spiratrioe
491 3816 599 3863 uuum
627 3801 722 3864 sunt.
749 3794 878 3866 Confer
901 3796 950 3866 de·
965 3794 1183 3886 processione
1218 3792 1373 3882 Spiritus

277 4101 319 4178 (1)
334 4104 409 4160 'Euri
428 4110 495 4177 paor
517 4128 586 4178 τριων
605 4107 683 4167 iiras
704 4108 852 4179 ὁπεθεμεθα
872 4128 916 4166 την
935 4105 1030 4170 irrora,
1042 4103 1117 4159 ἅλλα
1130 4104 1215 4168 ἥλιον,
1228 4123 1272 4156 και
1290 4103 1372 4156 ἀπαυ-

207 4211 313 4265 ysopa,
331 4216 373 4248 και
393 4196 419 4249 ἐν
439 4217 468 4249 το
490 4193 518 4262 ἔξ
536 4197 611 4256 silton
632 4194 657 4250 ἓν
677 4219 709 4265 τῳ
724 4196 925 4269 ἅπαγαυσματι
946 4210 1102 4268 φως....και
1124 4192 1161 4255 εἷς
1176 4202 1233 4254 eea
1249 4193 1262 4246 ὁ
1279 4213 1376 4262 nusae,

209 4280 246 4354 ἐφ’
267 4284 348 4353 ἑαυτῳ
368 4284 399 4337 ὤν
420 4308 488 4339 κατα
509 4308 536 4338 το
564 4284 606 4340 ἐπι
634 4308 734 4340 παντων
757 4287 831 4354 εἰναι,
851 4310 893 4341 και
914 4284 938 4340 ἓν
959 4309 991 4355 τῳ
1012 4286 1054 4354 ὑιῳ
1078 4290 1104 4338 δε
1124 4298 1281 4357 φαινομενος
1306 4304 1378 4336 κατι

208 4395 236 4428 το
257 4379 299 4427 δια
318 4395 418 4428 παντων
438 4380 541 4441 drausii,
561 4397 604 4430 και
625 4375 649 4429 is
670 4399 703 4448 τῳ
723 4399 852 4450 arreptura
874 4382 900 4432 δε
920 4398 990 4432 κατα
1010 4397 1038 4429 το
1059 4373 1084 4428 ἓν
1105 4375 1194 4430 α’πασι
1210 4379 1254 4428 δια
1273 4395 1318 4427 του
1331 4380 1384 4426 λο-

207 4484 257 4536 γον
278 4463 303 4517 is
323 4460 392 4534 οἶυτῳ
412 4463 532 4536 irrepens.
