3120 4988
584 303 623 319 -
642 269 680 334 33
702 304 739 319 ..

80 383 286 460 manifestat
311 380 480 451 virtutem
505 402 566 448 seu
589 380 774 448 essentiam
790 378 1120 465 communicabilem,
1139 381 1268 451 relate-

80 495 126 569 ad
150 491 322 582 Spiritum
347 491 409 582 qui
430 491 473 557 ab
497 489 548 557 eis
565 489 733 572 mittitur,
753 490 956 556 manifestat
971 491 1112 558 eandem
1135 492 1249 559 virtu·

79 608 152 670 tem
177 623 239 668 seu
262 599 449 667 essentiam
471 599 515 665 ab
538 598 666 667 eisdem
691 597 990 665 communicatam.
1012 598 1109 666 Aliis
1133 599 1250 667 verbis

79 709 146 776 hoc
169 707 259 775 idem
280 706 445 775 dicimus:
465 706 583 773 missio
608 725 772 794 personae
796 704 984 772 secundum
1015 706 1170 773 divinam
1193 728 1252 773 na·

78 827 197 888 turam
222 822 398 905 spectatae
421 837 489 882 non
513 813 675 902 designat
698 814 734 880 in
759 813 821 881 SS.
842 813 1019 881 Trinitate
1042 813 1250 881 divisionem

80 925 322 1016 operationum
342 903 393 988 ¹od
416 938 533 1004 estro,
562 924 621 990 sed
646 922 799 988 ordinem
823 943 1047 1011 personarum
1071 919 1116 987 ad
1140 924 1248 990 intra.

147 1032 302 1120 Egregie
326 1030 391 1099 hoc
415 1030 601 1098 discrimen
637 1029 731 1097 inter
756 1015 952 1097 missionem
989 1029 1064 1097 sive
1088 1029 1176 1097 Filii
1200 1052 1251 1097 se·
1275 1020 1277 1022 ¹

79 1141 234 1210 cundum
258 1140 481 1208 divinitatem
498 1139 574 1208 sive
591 1139 746 1229 Spiritus
770 1139 905 1223 Sancti,
924 1144 959 1206 et
982 1139 1127 1206 alteram
1151 1137 1251 1205 Chri·

80 1250 130 1317 sti
155 1249 306 1316 hominis
329 1247 526 1316 declaravit
556 1247 706 1314 eximius
730 1247 790 1315 ille
813 1247 894 1314 fidei
918 1247 1111 1317 catholicae
1134 1249 1252 1316 defen·

79 1381 139 1426 sor
163 1362 199 1423 et
223 1356 401 1425 doctrinae
436 1355 723 1444 Augustinianae
748 1357 953 1445 explanator
982 1379 1012 1425 s.
1036 1355 1252 1443 Fulgentius

54 1464 278 1553 ·Ruspensis
302 1464 364 1552 (1).
386 1492 402 1529 c
421 1463 546 1531 -Filius
570 1472 623 1531 est
648 1485 669 1529 a
699 1464 804 1530 Patre
829 1463 980 1547 missus,
1010 1485 1077 1529 non
1101 1463 1208 1532 Pater
1233 1486 1254 1530 a

78 1574 189 1658 Filio,
208 1575 291 1664 quia
306 1574 422 1642 Filius
446 1578 500 1642 est
524 1595 544 1638 a
561 1574 665 1641 Patre
688 1579 805 1655 natus,
825 1592 892 1639 non
907 1571 1050 1639 Patere
1073 1572 1178 1641 Filio.
1199 1572 1254 1639 Si-

79 1681 218 1750 militer
241 1683 348 1749 etiam
384 1680 540 1770 Spiritus
565 1679 760 1748 Sanctusa
794 1679 899 1747 Patre
923 1685 959 1747 et
992 1678 1087 1747 Filio
1119 1680 1253 1773 legitur

82 1791 225 1877 missos,
245 1789 328 1879 quia
352 1812 373 1857 a
396 1790 501 1857 Patre
523 1789 685 1879 Filioque
710 1789 877 1878 procedit.
898 1786 965 1855 Sed
990 1787 1163 1877 quianon
1186 1811 1254 1856 uno

81 1899 181 1967 modo
205 1898 243 1964 in
269 1896 464 1986 Scripturis
483 1897 616 1965 sanctis
633 1897 764 1964 dicitur
789 1896 919 1980 missio,
938 1902 1122 1985 propterea
1146 1902 1184 1960 ia
1201 1920 1253 1961 sa·

31 2043 32 2046 ¹
82 2021 256 2074 eramento
281 2007 536 2072 incarnationis
559 2028 626 2072 non
641 2005 753 2072 solum
777 2026 798 2070 a
821 2005 925 2072 Patre
943 2026 1064 2071 verum
1088 2004 1192 2071 etiam
1210 2005 1254 2071 ab

82 2117 228 2206 Spiritu
254 2114 382 2181 Sancto
418 2113 547 2181 missus
570 2120 623 2181 est
645 2112 784 2197 Filius,
815 2113 898 2204 quia
921 2112 1090 2180 mediator
1125 2113 1192 2182 Dei
1216 2120 1251 2181 et

81 2224 265 2291 hominum
289 2221 388 2289 homo
412 2221 576 2290 Christus
599 2223 699 2290 Iesus
724 2225 830 2288 totius
854 2235 902 2287 est
927 2223 1114 2290 Trinitatis
1138 2245 1257 2310 opero-

83 2336 177 2398 tione
197 2331 405 2420 plasmatos.
424 2331 509 2397 Alio
534 2346 646 2396 atatem
669 2329 763 2396 modo
787 2332 942 2396 mittitur
965 2354 987 2395 a
1009 2332 1117 2398 Patre
1141 2332 1173 2395 tt
1195 2330 1257 2397 Fi-

85 2442 134 2507 lio
159 2441 316 2529 Spiritus
338 2441 495 2521 Sanctus,
513 2442 576 2530 qai
592 2440 805 2504 naturaliter
828 2465 849 2505 a
873 2441 981 2506 Patre
997 2439 1160 2531 Filioque
1174 2463 1254 2528 pro·

83 2546 187 2617 cedit.
206 2547 368 2614 Mittitur
382 2547 474 2613 enim
491 2569 511 2612 a
533 2549 638 2615 Patre
654 2556 689 2615 et
704 2548 797 2614 Filio
823 2548 978 2637 Spiritus
995 2547 1157 2630 Sanctus,
1177 2568 1255 2614 cum

82 2657 127 2723 ab
151 2657 229 2745 ipsa
253 2655 432 2722 Trinitate
462 2678 529 2722 uno
553 2656 624 2722 Deo
660 2655 835 2743 spiritalis
860 2655 996 2743 gratiae
1021 2655 1172 2723 donatur
1207 2656 1255 2723 ef·

82 2764 212 2831 fectus.
243 2763 362 2829 Aliter
400 2786 475 2829 ocro
500 2787 521 2827 a
546 2764 653 2829 Patre
688 2777 719 2828 et
742 2765 880 2851 Spiritu
913 2765 1037 2832 Sancto
1062 2764 1183 2827 missor
1208 2776 1257 2829 est

83 2873 216 2954 Filias,
236 2871 374 2962 quando
397 2892 434 2938 se
458 2870 572 2959 ipsum
596 2870 801 2939 exinaniens
817 2872 962 2939 formam
987 2870 1082 2938 servi
1105 2870 1254 2959 accepit.

83 2981 204 3071 Neque
228 2978 319 3046 enim
354 2978 418 3046 hoc
442 2979 555 3047 estin
579 3001 759 3067 personam
781 3001 879 3047 suam
910 2963 1067 3067 accipere
1103 2999 1253 3063 carnem,

23 3156 30 3163 ,
85 3088 230 3178 fierique
255 3087 407 3156 Verbum
424 3084 607 3169 hominem,
627 3088 716 3176 quod
733 3095 786 3154 eet
802 3086 980 3153 invisibili
1003 3085 1161 3175 potentia
1178 3108 1256 3152 con·

86 3197 179 3264 ferre
205 3199 410 3285 cuiusquam
435 3195 590 3263 muneris
615 3195 832 3283 largitatem.
850 3196 927 3265 Non
950 3195 1040 3263 enim
1065 3215 1147 3262 vere
1179 3192 1256 3282 Spi-

87 3304 181 3392 ritps
206 3301 368 3374 Sanctus
393 3303 551 3370 columba
575 3303 691 3370 iactus
715 3310 792 3393 est,
815 3308 877 3369 aut
913 3324 994 3370 vere
1018 3302 1113 3390 ignis
1137 3302 1255 3368 factus

63 3414 162 3501 est,
195 3411 332 3499 quando
359 3433 434 3478 eum
462 3410 588 3478 talium
616 3433 732 3478 rerum
772 3409 906 3477 visione
934 3409 1130 3498 significari
1158 3431 1255 3497 opor·
1307 3416 1311 3430 ’

87 3518 169 3586 tuit.
189 3518 345 3586 Verbum
383 3523 498 3585 autem
522 3541 603 3586 caro
627 3519 759 3586 factum
784 3522 859 3601 est,
888 3519 1024 3609 quando
1048 3518 1255 3606 unigenitus

88 3628 180 3696 Deus
205 3648 343 3694 carnem
359 3627 506 3716 accepit.
527 3627 626 3709 Quod
651 3636 766 3694 tamen
783 3651 850 3695 non
876 3629 992 3696 aliena
1008 3634 1180 3716 potestate
1197 3627 1256 3695 sed

108 3749 114 3761 ⁰
150 3769 195 3848 (1)
214 3773 549 3840 S.Fulgentiom,qnem
569 3777 680 3826 veteres
700 3773 868 3841 praedicant
888 3772 901 3822 o
922 3775 1079 3827 catholicae
1110 3774 1256 3827 Ecclesiae

89 3867 263 3932 singularem
283 3855 451 3929 magistrum
471 3867 500 3916 ct
519 3863 659 3916 doctorem
680 3861 796 3934 n'(Vita
813 3865 993 3930 Fulgentiia
1022 3864 1162 3931 discipulo
1192 3881 1254 3918 con·

89 3958 193 4024 scripta
212 3973 242 4009 n.
259 3952 314 4022 61),
330 3956 491 4007 Masuriana
511 3955 634 4007 eruditio
664 3956 745 4007 nobis
773 3959 873 4007 narrat
900 3956 990 4007 fuisse
1011 3975 1024 4002 a
1045 3955 1168 4021 Ruspini
1187 3951 1256 4025 (sle)

89 4047 255 4114 Episcopum
275 4047 354 4097 inter
373 4047 527 4111 scriptores
547 4045 679 4098 obscuros
694 4041 850 4116 (derivains
866 4062 918 4111 peu
932 4042 1051 4116 oonnns)
1066 4046 1172 4098 saeculi
1186 4047 1254 4098 Ἡ.»

91 4137 124 4190 Et
142 4137 216 4205 qnod
238 4151 294 4188 non
314 4136 434 4187 minoris
456 4137 582 4201 stuporis
601 4139 655 4203 est,
671 4137 782 4189 unicum
803 4140 912 4188 tantum
933 4135 1016 4187 novit
1034 4136 1184 4201 Fulgentii
1214 4139 1255 4186 te·

93 4227 251 4280 stimonium
271 4223 320 4295 (ex
338 4224 359 4275 l.
375 4223 407 4274 de
427 4223 497 4275 llide
517 4224 551 4276 ad
571 4225 632 4276 Pet.
649 4239 672 4278 c.
690 4221 743 4293 11),
766 4223 839 4292 quod
856 4245 867 4270 i
882 4228 1000 4291 putatur
1018 4226 1137 4291 probare
1158 4222 1253 4297 (cenat

93 4311 221 4385 prouvcr)
241 4312 447 4382 processionem
467 4327 502 4364 ex
520 4315 606 4364 Patre
625 4316 654 4365 ct
671 4311 779 4367 Filio.»
794 4317 897 4366 Macar.
912 4330 941 4380 p.
957 4313 1020 4366 411.
1035 4315 1098 4367 412.
1113 4311 1185 4367 Vide
1206 4326 1254 4363 no-

95 4407 175 4460 stram
195 4405 313 4459 Thesim
332 4403 446 4456 XXXV.
463 4419 492 4455 n.
508 4404 547 4458 Il.

145 4527 312 4585 Faunum,
329 4524 365 4570 Do
381 4533 491 4582 process.
510 4520 621 4581 Spiritus
638 4521 745 4594 Sanctia
1147 4518 1162 4563 8
