3120 4988
713 298 752 315 -
773 269 827 332 ltil
851 297 889 318 a

186 373 376 445 ,oratione
387 374 584 445 luculenter
599 375 727 460 doceri,
744 383 884 446 constat
899 399 942 446 ex
958 379 1120 470 superius
1138 383 1234 470 (pag.
1243 370 1387 467 asts.)

195 483 404 572 x,descriptis
426 483 649 554 testimoniis.

283 590 323 657 3¹⁰
337 591 392 659 Ex
409 600 484 659 tota
500 593 615 682 igitur
639 593 822 681 ferragine
837 593 1039 664 Macariana
1053 597 1145 665 nibil
1159 603 1271 666 restat
1288 621 1384 687 prae-

214 705 272 767 ter
284 699 507 769 decantatum
522 702 623 770 illum
640 705 775 772 modum
793 705 954 794 loquendi
967 706 1146 774 s.Maximi
1158 713 1195 774 et
1208 694 1393 775 aloannis'

212 807 434 892 Damasceni,
453 810 513 901 qni
537 833 605 878 non
629 811 705 880 sine
728 812 847 905 aliquo
872 816 1098 883 fundamento
1120 814 1157 882 in
1182 815 1388 883 vetustiori-

215 916 282 983 bus
305 917 485 985 nonnullis
502 919 667 986 Patribns
684 943 745 1010 per
768 943 891 988 nomen
916 945 1036 988 canace
1059 926 1095 988 et
1118 923 1328 1011 particulam
1345 946 1388 989 ea

177 1095 180 1099 ,
215 1023 255 1090 in
279 1022 536 1110 significatione
561 1027 710 1094 maxims
732 1029 875 1118 propria
897 1054 1034 1095 caueam
1057 1027 1318 1118 primordialem
1341 1030 1390 1098 si-

215 1131 381 1220 gnificari
412 1144 641 1222 censuerunt;
669 1146 705 1205 et
738 1137 815 1205 ideo
838 1138 1012 1227 Spiritum
1048 1138 1214 1220 Sanctum
1246 1160 1313 1205 non
1347 1161 1389 1204 ea

215 1239 314 1307 Filio
337 1253 377 1305 at
399 1265 523 1326 cauea,
548 1245 607 1312 sed
632 1268 673 1312 ear
698 1247 804 1313 Patre
822 1269 887 1335 per
910 1247 1043 1313 Filium
1067 1247 1249 1337 procedere
1273 1246 1388 1315 dicen·

216 1347 298 1416 dum
322 1351 580 1420 essaPrastar
616 1353 700 1422 haec
724 1352 853 1421 babent
883 1354 997 1422 adbuc
1021 1355 1154 1444 scripta
1179 1353 1388 1422 Theodoreti

217 1455 390 1526 adversus
413 1481 441 1526 s.
461 1459 637 1548 Cyrillum
660 1461 803 1530 aliunde
820 1462 856 1529 in
872 1463 917 1532 V.
936 1464 1069 1552 synodo
1090 1462 1313 1530 anathemato
1330 1461 1388 1528 da-

215 1573 348 1649 mnata,
373 1565 410 1632 in
435 1569 562 1658 quibus
585 1590 662 1636 oum
686 1591 748 1638 suo
766 1571 935 1658 magistro
952 1571 1131 1638 Theodoro
1147 1571 1389 1658 Mopsuesteno

215 1673 357 1756 asserit,
377 1674 550 1762 Spiritum
575 1676 741 1746 Sanctum
759 1701 821 1746 nec
844 1700 886 1746 ex
902 1678 996 1747 Filio
1013 1700 1075 1746 nec
1092 1699 1153 1768 per
1168 1678 1300 1746 Filium
1316 1677 1390 1746 exi-

215 1780 383 1850 stentiam
407 1787 484 1867 (την
511 1781 666 1874 Sarapias)
691 1782 830 1853 habere.

270 1885 485 1960 ,Doctrinam
511 1892 720 1962 catholicam
740 1895 886 1962 Maximi
901 1901 937 1963 at
952 1895 1158 1965 Damasceni
1176 1895 1389 1962 demonstra-

216 1999 333 2085 vimus
356 1999 394 2066 in
409 2009 529 2067 nostro
546 2001 717 2070 Tractatu
738 2002 805 2069 rh.
824 2001 993 2093 XXXVI.
1013 2003 1111 2085 Quod
1127 2010 1264 2091 spectat
1280 2001 1391 2069 Theo-

217 2110 387 2192 doratum,
414 2110 446 2176 si
469 2108 622 2177 Macerio
646 2109 865 2178 concedimus
889 2116 944 2198 (ut
967 2111 1111 2200 plurimi
1142 2110 1307 2178 catholici
1331 2111 1391 2178 do-

218 2224 332 2287 ctores
356 2218 560 2304 concedunt,
578 2221 646 2287 imo
670 2226 706 2288 et
729 2221 971 2306 contendunt),
990 2220 1092 2288 illum
1109 2221 1296 2308 denegata
1313 2241 1390 2308 pro·

219 2328 372 2396 casalono
396 2327 553 2416 Spiritus
579 2329 700 2398 Sancti
724 2352 798 2398 esse
823 2328 1114 2418 intelligendum,
1141 2341 1404 2419 consequenter·

219 2435 335 2503 eadem
352 2437 613 2527 significatione
630 2439 901 2526 interpretemur
918 2444 1055 2527 oportet
1071 2437 1267 2526 symbolum
1281 2436 1390 2504 Thec-

219 2542 293 2610 dcri
317 2565 339 2610 a
361 2544 582 2613 Nestorianis
615 2544 840 2633 adoptatum,
878 2568 955 2614 cum
990 2567 1031 2613 ex
1064 2544 1126 2612 illc
1151 2544 1390 2614 Theodoretus
1516 2627 1520 2634 ἱ

219 2674 315 2720 susm
346 2676 417 2721 non
449 2656 548 2722 modo
583 2654 792 2722 sententiam
827 2655 887 2723 sed
915 2656 991 2744 ipsa
1015 2654 1122 2723 verba
1155 2652 1386 2721 derivaverit.
1500 2680 1502 2682 ·

187 2811 189 2816 ,
220 2760 391 2842 Quoniam
421 2763 536 2851 igitur
566 2763 743 2831 Macarius
774 2753 874 2832 hund
904 2785 979 2831 esse
1004 2761 1213 2831 Theodoreti
1250 2783 1389 2827 sensum

220 2871 355 2939 omnino
379 2880 593 2961 propugnat,
620 2873 780 2941 dabimus
795 2873 840 2956 ei,
860 2872 1005 2961 primam
1022 2872 1192 2959 originem
1210 2869 1389 2937 doctrinae

220 2978 411 3046 Photianae
429 3001 495 3046 non
512 2979 548 3046 in
566 2980 690 3046 Photio
714 2980 801 3068 ipso,
829 2978 888 3046 sed
907 2980 942 3046 in
958 2985 1101 3046 auctore
1117 2975 1387 3046 Nestorianismi

221 3087 398 3157 Theodoro
423 3086 597 3183 huiusque
620 3087 805 3178 discipulis
825 3087 986 3157 Nestorio
1002 3096 1038 3153 at
1055 3086 1270 3153 Theodoretc
1293 3107 1390 3173 repe-

219 3194 295 3261 riri.
321 3194 569 3263 Verumtamen
586 3197 749 3286 quoniam
774 3217 842 3262 non
865 3194 1125 3282 argumentatio
1142 3205 1260 3258 contra
1285 3192 1389 3256 tomi-

219 3325 290 3368 ηοω
314 3285 374 3373 sed
398 3302 473 3370 sola
496 3312 533 3370 et
556 3302 697 3391 integra
720 3303 855 3372 veritas
886 3302 985 3369 nobis
1008 3300 1106 3370 cordi
1126 3306 1192 3382 est,
1217 3297 1389 3367 indicavi-

219 3434 293 3481 mus
305 3413 342 3480 in
360 3413 427 3481 Th.
445 3413 618 3494 XXXIII.
634 3412 725 3479 n.II.
741 3412 895 3480 rationes
910 3409 1118 3502 probabiles,
1134 3409 1261 3501 quibus
1278 3408 1387 3476 Thec-

218 3521 325 3591 dorus
358 3521 503 3612 eiusque
535 3519 730 3610 discipulus
754 3519 993 3590 Theodoretns
1015 3520 1057 3586 ab
1081 3519 1147 3585 hae
1170 3515 1307 3584 haeresi
1330 3538 1389 3583 ex·

214 3631 335 3699 ausari
360 3637 502 3720 queant.
1376 3621 1383 3642 ²

285 3740 464 3806 Macarius
488 3763 521 3827 p.
540 3737 618 3806 357.
645 3739 789 3826 probat,
816 3737 922 3804 verba
952 3734 1058 3802 istius
1093 3731 1242 3821 symboli
1264 3731 1386 3800 Nesto·

208 3846 328 3929 riani,
358 3843 561 3934 «Spiritum
590 3845 756 3913 Sanctum
788 3866 897 3935 neque
919 3843 1052 3911 Filium
1084 3863 1157 3909 esse
1188 3839 1295 3929 neque
1326 3842 1389 3928 per

206 3955 354 4023 Filium
378 3955 599 4020 existentiam
623 3955 800 4041 accepisse,
814 3973 881 4018 non
896 3973 1001 4040 agere
1017 3950 1058 4018 de
1075 3951 1292 4038 processione
1310 3948 1388 4036 Spi-

206 4064 311 4131 ritus
335 4061 482 4147 Sancti,
509 4063 569 4130 sed
599 4085 728 4150 negare
746 4062 942 4129 *dumtaxat
969 4067 1092 4126 contra
1122 4049 1389 4125 Macedonisnos

206 4170 429 4238 creationem
454 4170 613 4260 Spiritus
636 4194 695 4260 per
718 4169 863 4255 Filium;
881 4175 957 4235 tum
975 4186 1057 4235 vero
1071 4190 1103 4254 p.
1119 4163 1196 4231 359.
1216 4162 1293 4229 860.
1307 4161 1385 4230 383.

211 4281 329 4348 verba
351 4280 469 4347 eadem
492 4281 585 4369 apud
611 4265 1070 4366 Theodoretum‘patronum
1085 4272 1242 4343 Nestorii
1265 4271 1411 4338 adver-⁴

215 4393 282 4456 sus
304 4389 493 4478 Cyrillnm,
515 4387 718 4476 «Spiritum
743 4386 910 4455 Sanctum
926 4408 967 4453 ea
982 4385 1079 4453 Filio
1096 4396 1158 4449 act
1175 4405 1239 4472 per
1254 4380 1388 4448 Filium

285 4530 446 4591 Fanumm,
464 4533 501 4580 De
515 4541 627 4590 process.
644 4529 753 4590 spuatur
769 4525 864 4575 Sancti.
1266 4518 1295 4564 11
