3120 4988
695 308 733 322 ..
753 274 792 338 ιο
812 304 849 319 ..

191 376 306 449 nelias
329 402 351 448 a
372 380 505 470 Lepide
529 380 717 470 ceterique.
735 379 962 450 concedimus
985 383 1100 448 tamen
1124 379 1239 463 ultro,
1266 379 1358 471 quod

192 490 297 557 etiam
320 490 570 577 Hieronymus,
597 487 839 556 Theodoretus
862 496 897 556 et
920 487 1037 576 plures
1073 489 1194 556 Patres
1220 488 1283 556 alii
1306 492 1359 557 in-

191 590 324 678 dicant,
343 595 472 663 Isaiam
497 596 553 672 vel
577 594 710 684 Cyrum
735 605 861 684 typum
885 596 1034 684 gessisse
1057 595 1204 664 Moesiae
1229 598 1360 665 redem-

191 707 316 796 ptoris.
345 705 398 772 At
420 706 575 794 proiecto
610 704 729 772 missio
763 705 880 773 Isaiae
903 705 948 773 ad
972 705 1267 794 prophetandum,
1298 717 1360 775 aut

190 814 277 903 Cyri
300 815 344 881 ad
378 813 598 882 liberandum
633 814 818 903 populum,
848 837 915 881 non
940 819 1017 880 erat
1040 822 1151 902 typus
1182 814 1361 882 missionis

190 922 299 991 Verbi
324 930 364 990 ut
387 921 486 989 homo
503 922 614 1004 fieret,
634 944 695 991 seu
720 924 835 988 carnis
851 921 1083 1002 assumendae·
1100 921 1159 989 sed
1182 925 1362 1011 supposita

193 1031 421 1117 assumptione
444 1032 559 1095 cornia
583 1043 684 1118 typus
709 1043 782 1095 erat
805 1029 951 1096 Messias
974 1029 1139 1096 mittendi
1163 1050 1184 1094 a
1214 1031 1362 1098 Domino

192 1146 228 1205 et
253 1136 391 1226 Spiritu
414 1138 490 1207 eius
514 1138 557 1204 ad
582 1137 849 1226 praedicandam
874 1138 1024 1205 salutem
1048 1141 1085 1205 et
1108 1139 1299 1205 universim
1315 1139 1361 1207 ad

193 1267 297 1335 opera
320 1245 583 1335 redemptionis.
604 1274 619 1308 a
637 1246 744 1312 quta
768 1244 1016 1334 Symmachum
1040 1250 1230 1332 (auctorem
1255 1246 1362 1313 unius

193 1376 234 1422 ex
260 1354 479 1423 versionibus
501 1352 665 1443 graecis),
685 1354 802 1446 inquit
825 1354 850 1420 l.
877 1376 907 1421 c.
937 1354 1200 1442 Hieronymus,
1230 1354 1273 1422 ad
1298 1355 1364 1422 Do-

194 1461 279 1528 mini
303 1483 482 1550 personam
506 1464 672 1530 refertur.
691 1461 802 1528 Inmta
821 1460 1067 1550 frapilitatenn
1091 1463 1206 1528 cornis
1235 1485 1364 1526 assum·

188 1584 273 1656 ptos
296 1570 384 1651 dico,
405 1570 496 1661 quod
518 1570 686 1639 Dominus
711 1569 848 1638 miserit
870 1589 923 1635 me
946 1577 982 1637 et
1005 1568 1275 1658 Spiritus-aius.
1298 1594 1314 1629 n

197 1717 202 1727 ·
260 1678 373 1745 Locus
397 1677 488 1746 alter
512 1679 560 1747 Is.
578 1679 676 1748 LXI.
694 1678 727 1765 l;
744 1680 830 1746 Luc.
850 1677 912 1747 IV.
944 1678 999 1745 18.
1029 1700 1096 1744 non
1121 1677 1233 1750 solum
1259 1699 1363 1746 sensu

194 1786 315 1876 typico
339 1787 514 1876 (quamvis
538 1787 591 1853 ita
616 1787 765 1854 sensisse
790 1787 953 1856 videatur
976 1809 1006 1853 a.
1036 1786 1187 1853 Thomas
1210 1786 1246 1852 in
1272 1786 1307 1853 h.
1335 1788 1363 1853 l.

195 1908 272 1962 'cum
295 1893 393 1980 aliis)
421 1892 497 1979 (l),
528 1894 586 1962 aad
610 1895 747 1961 oinnino
780 1895 932 1962 litterali
956 1894 1210 1982 intelligendus
1245 1901 1300 1963 est
1323 1896 1365 1965 de

194 2001 346 2071 Christo.
367 2001 498 2086 Verum
519 2001 562 2068 ad
587 2022 657 2067 rem
675 2000 716 2067 de
740 2023 808 2093 qua
823 2003 957 2091 agitur,
977 1996 1068 2067 nihil
1085 2000 1250 2089 pertinet.
1276 2002 1365 2069 Nam

197 2115 233 2198 a)
256 2109 421 2178 Photiani
446 2117 487 2176 ut
510 2106 645 2198 aliquid
670 2108 848 2193 dicerent,
879 2110 1043 2177 deberent
1078 2109 1135 2176 hia
1158 2107 1362 2197 intelligere

194 2219 308 2306 ipsum
333 2217 484 2284 Verbum
508 2217 545 2283 in
569 2237 633 2283 sua
656 2218 777 2284 divina
801 2223 929 2284 natura
952 2218 1089 2280 missum
1112 2217 1155 2283 ad
1188 2238 1366 2283 assurnen-
1417 2258 1419 2263 -

195 2325 273 2392 dam
297 2323 484 2390 humanam
507 2330 680 2392 naturam.
700 2325 812 2416 Atqui
838 2325 867 2392 si
892 2325 944 2393 ita
967 2325 1125 2414 intelligi
1148 2335 1277 2413 posset,
1296 2325 1365 2392 iam

162 2435 165 2441 ’
194 2460 263 2504 non
288 2434 446 2526 Spiritus
468 2436 632 2526 Sanctus,
652 2437 711 2504 sed
736 2438 831 2504 solus
855 2438 949 2505 Deus
980 2437 1086 2504 Pater
1111 2441 1249 2503 mittens
1274 2438 1366 2506 dice·
1412 2460 1421 2471 ’

196 2553 309 2614 retur.
330 2544 522 2612 Distinctio
545 2544 635 2612 enim
660 2551 714 2611 est
737 2545 845 2613 trium
876 2568 1125 2635 personarum,
1155 2552 1364 2636 quaesunt:

193 2652 363 2723 Dominus
387 2651 489 2720 cuius
512 2660 566 2719 cst
590 2651 927 2741 SpiritusMessias
951 2652 1080 2721 missus
1103 2652 1259 2741 (Filius),
1291 2653 1367 2742 Spi-

195 2762 288 2831 ritus
311 2761 538 2830 Domini.Ex
563 2761 620 2830 his
644 2763 759 2830 tribus
781 2786 929 2850 persono
952 2764 1090 2828 mittens
1121 2764 1157 2829 in
1182 2769 1284 2831 textu
1309 2764 1367 2831 he·

195 2871 324 2954 braico,
343 2869 381 2937 in
399 2870 559 2937 versione
575 2869 690 2936 latina
700 2870 850 2960 vulgata
862 2879 897 2938 et
913 2871 1056 2959 syriaca
1071 2870 1132 2958 (cf.
1148 2873 1230 2939 Act.
1248 2871 1295 2939 X.
1310 2871 1368 2957 38)

196 3000 358 3068 expressa
382 2976 514 3045 dicitur
538 2978 703 3044 Dominus
727 2979 832 3067 paulo
856 2986 937 3046 ante
961 2979 1160 3046 distinctus·
1174 3002 1195 3044 a
1211 2964 1363 3068 Spiritu:

200 3117 216 3152 c
234 3087 391 3177 Spiritus
415 3086 557 3152 Domini
572 3109 676 3174 super
694 3109 758 3171 me,
776 3109 815 3155 eo
833 3089 929 3210 quod
955 3087 1097 3155 unxerit
1121 3089 1366 3167 Hominemne,

197 3196 242 3264 ad
266 3196 548 3293 annuntiandum
571 3194 765 3261 mansuetis
795 3194 892 3261 misit
915 3216 980 3262 me
1011 3220 1028 3255 n
1058 3194 1108 3280 (2)
1138 3195 1246 3261 Penes
1269 3193 1370 3261 LXX

268 3421 309 3496 (1)
328 3424 423 3485 Etiam
444 3423 617 3488 targumlsta
635 3423 802 3488 Ionatban,
829 3419 903 3488 quod
923 3434 991 3473 sane
1017 3418 1048 3470 in
1077 3416 1180 3470 Iudaeo
1211 3416 1370 3470 mirandum

198 3533 255 3571 non
274 3521 328 3583 est,
344 3516 434 3569 locum
454 3515 543 3590 refert
562 3513 626 3567 ad
618 3530 709 3582 ipsum
729 3513 913 3580 prophetam
941 3511 993 3562 hoc
1013 3512 1104 3561 autem
1124 3508 1172 3574 qui
1200 3507 1371 3561 admiserint

198 3607 372 3674 interpretas
391 3585 580 3670 christianis
572 3604 595 3657 1i
609 3606 727 3671 propter
741 3600 906 3654 vitationem
921 3601 987 3653 Luc.
1002 3597 1051 3650 IV.
1068 3598 1111 3650 18.
1127 3597 1184 3649 ab'
1176 3589 1238 3663 ipso
1253 3597 1370 3649 Christo

197 3697 312 3762 iactam,
332 3697 410 3748 ultra
428 3693 513 3746 istum
544 3693 723 3759 suppositum
752 3705 864 3766 sensum
895 3688 1053 3740 litteralem
1085 3685 1207 3737 alterum
1239 3686 1367 3751 typicum

197 3785 393 3854 superaddant
409 3799 525 3836 neccsse
545 3785 599 3835 est.
613 3782 756 3834 Ionatham
775 3778 995 3833 circumscribit:
1015 3776 1120 3829 «uixit
1139 3775 1287 3842 propbeta:
1311 3776 1369 3842 spi·

197 3877 272 3930 ritus
292 3892 309 3928 a
327 3875 445 3927 Domino
464 3875 521 3926 Deo
541 3887 625 3940 super
644 3888 696 3939 me,
714 3887 745 3924 eo
765 3870 837 3937 quod
857 3868 1045 3935 inauguravit
1062 3882 1106 3917 me
1120 3866 1257 3918 Dominus
1270 3865 1305 3918 ad
1320 3881 1369 3916 an·

196 3962 387 4017 nuntiandum
406 3963 573 4028 mansuetis,
590 3961 671 4014 misit
689 3975 731 4013 me
751 3959 787 4011 ad
807 3956 1024 4012 confortandum
1043 3954 1183 4008 contritos
1203 3953 1327 4008 cordon.

198 4057 394 4177 ιιιιιιιι
333 4080 394 4145 uu
387 4081 442 4175 ιιι
468 4053 572 4162 iusi
593 4068 665 4158 ιιιι
685 4067 772 4172 uis?
799 4065 890 4169 uun
915 4075 1027 4171 ιιι
993 4049 1053 4167 rip
1073 4062 1115 4137 ιιι
1119 4075 1166 4167 ιιι
1197 4064 1282 4166 'prs
1299 4074 1368 4154 ιιι-ι

269 4199 311 4273 (2)
324 4201 356 4255 Si
366 4201 411 4253 ias
423 4202 617 4254 essetmissam
631 4199 679 4252 bic
690 4147 880 4262 initalligere'
872 4211 965 4262 ipsum
978 4195 1102 4246 Verbum
1122 4142 1272 4247 secundum
1288 4199 1370 4246 natu·

198 4307 260 4348 ram
279 4291 420 4358 divinam,
434 4290 538 4343 relatio
558 4290 687 4358 Spiritus
705 4287 740 4340 ad
761 4287 881 4341 Verbum
901 4299 1037 4351 expressa
1055 4283 1185 4347 intelligi
1205 4282 1348 4335 deberet
1339 4297 1370 4334 ιιι

198 4382 254 4437 ills
271 4379 415 4452 particula
430 4400 442 4428 a
457 4380 581 4447 Spiritus
597 4393 680 4447 super
697 4393 739 4428 me
754 4397 766 4426 a
784 4376 831 4432 vel
853 4394 866 4422 a
886 4375 918 4428 tn
936 4388 1013 4439 man
1036 4388 1068 4427 ac
1085 4370 1204 4442 proinde
1225 4370 1372 4426 sententis
