3158 4980
10 3306 19 3399 l

636 308 696 336 ·-
712 286 776 352 207
796 321 834 338 -·

93 387 456 480 Constantinopoli
480 390 748 458 misericorditer
771 398 851 461 acta
874 397 970 478 sunt,
998 394 1212 484 recepimus;
1240 410 1273 463 et
1297 399 1329 463 si

82 496 306 583 fortasse
327 501 441 565 nostri
464 499 575 588 leqcts‘
598 498 774 566 ic'eadem
798 499 923 589 synodo
956 515 1076 567 contro
1104 502 1329 591 apostolicam
1412 490 1419 510 .

78 592 426 698 piaeceptioaem
450 610 594 697 eqerint,
612 630 671 673 aec
687 631 747 674 cos
763 610 957 698 recipimus,
976 632 1035 677 nec
1052 609 1245 678 iudicamus
1259 613 1330 679 cli-

79 717 251 783 om'us
275 717 422 784 assistere
439 717 672 805 firmitatis.»

217 824 295 892 Iam
318 846 402 894 vero
426 848 504 893 cum
518 825 564 893 ,in
588 846 629 892 ea
653 824 787 912 synodo
807 847 952 915 prorsus
968 825 1084 894 omnia
1099 832 1181 894 acta
1196 826 1331 896 fuerint

71 937 277 1000 contra
287 930 513 1020 apostolicam
530 933 818 1022 praeceptionem,
834 954 1045 1024 consequens
1062 940 1151 1018 erat,
1170 941 1211 1002 ut
1227 956 1330 1026 quam

63 1035 303 1118 primum
327 1060 445 1106 rerum
476 1046 658 1127 gestarum
688 1041 824 1109 veritas
847 1040 1011 1108 Pontifici
1049 1041 1229 1129 patefacta
1260 1048 1327 1126 est,
1424 1092 1440 1107 .

63 1144 322 1234 explicite
358 1146 584 1215 damnaretur
618 1152 731 1216 totum
755 1146 1057 1232 conciliabulum,
1085 1147 1267 1239 quodiam
1292 1148 1329 1215 in

62 1254 272 1322 verbis
296 1253 418 1325 citatis
443 1253 626 1346 utriusque
650 1254 818 1344 epistolae
835 1254 1008 1344 implicite
1024 1254 1238 1323 declaratum
1255 1256 1330 1324 fue·

58 1363 201 1426 rat
232 1358 371 1429 nullius
394 1359 576 1427 firmitatis
601 1362 766 1429 existere.
792 1362 930 1431 Revera
953 1361 1130 1429 Marinum
1154 1361 1214 1453 qui
1234 1383 1331 1450 prae·

59 1467 294 1539 Sederat
309 1468 472 1565 ¹Concilio
495 1467 613 1553 VIII.,
639 1469 682 1536 ad
706 1491 823 1536 rerum
847 1466 1110 1559 inquisitionem
1134 1469 1333 1538 Constanti-

57 1568 308 1666 n‘opolim
323 1575 431 1662 misit;
451 1575 510 1644 sed
527 1598 604 1644 cum
621 1574 678 1643 vir
693 1576 923 1666 imperterriti
947 1582 983 1642 et
1006 1575 1203 1665 incorrupti
1218 1583 1331 1665 pecto·
1421 1633 1424 1639 .

66 1676 204 1750 ris
234 1683 407 1753 a'BasilIo
423 1683 631 1773 imperatore
654 1682 772 1751 Photii
795 1685 931 1753 fautore
947 1706 1008 1774 per
1021 1683 1175 1773 triginta
1198 1685 1272 1753 dies
1296 1685 1334 1753 in
1389 1724 1395 1733 ·

63 1787 316 1864 vinculis
352 1794 527 1879 detentus,
557 1815 597 1861 ac
625 1793 764 1861 tandem
800 1792 968 1861 dimissus
996 1793 1139 1860 Romam
1170 1794 1333 1863 rediisset

67 1893 258 1987 (quae
281 1901 443 1970 novimus
474 1923 516 1969 ex
541 1900 689 1991 epistola
724 1899 895 1989 Stephani
920 1894 983 1968 VI.
1010 1899 1054 1967 ad
1088 1901 1331 1989 imperatorem

77 1995 330 2079 Basiliam
352 2009 467 2079 Mansi
483 2008 581 2078 XVI.
601 2032 635 2098 p.
654 2007 733 2076 423.
752 2008 861 2093 475.),
881 2007 1028 2074 Ioannes
1045 2006 1147 2075 VIII.
1168 2008 1208 2076 de
1226 2009 1333 2076 omni·
1409 2018 1414 2029 ’

86 2105 220 2188 bus
244 2117 432 2187 fraudibus
455 2117 523 2184 iam
549 2117 679 2185 certior
702 2117 820 2184 sactus
846 2123 1021 2204 «accepto
1045 2115 1241 2204 Evangelio
1265 2138 1333 2183 am-

96 2217 276 2294 bonem
293 2224 506 2308 conscendit,
527 2224 732 2316 cunctisque
756 2222 981 2291 audientibus
998 2223 1103 2290 dixit:
1123 2225 1332 2316 quicumque

104 2324 320 2403 Photium
335 2357 402 2401 non
427 2334 520 2402 iusto
535 2332 600 2401 Dei
617 2333 749 2400 iudicio
765 2332 1029 2400 condemnatum
1046 2331 1194 2414 iudicat,
1215 2355 1330 2423 quem·

115 2440 340 2511 admodum
361 2463 481 2531 nempe
505 2439 607 2521 illum
631 2440 671 2506 hi
694 2440 756 2531 qui
779 2462 831 2508 me
856 2446 1133 2530 praecesserunt,
1160 2439 1330 2509 Nicolaus

130 2552 189 2617 et
225 2550 428 2619 Hadrianus
462 2548 677 2617 sanctissimi
708 2550 822 2636 Papae
861 2547 1062 2616 damnatum
1098 2549 1331 2640 reliquerunt,

10 2714 16 2745 Ι,
138 2659 346 2726 anathema
368 2657 429 2724 sit.
447 2683 463 2717 r
481 2656 608 2743 Legati
624 2656 732 2723 etiam
748 2655 933 2742 Eugenius
949 2661 986 2722 et
1002 2654 1136 2722 Paulus
1153 2654 1330 2744 Episcopi,

142 2759 283 2834 Petrus
306 2765 502 2855 presbyter,
522 2764 583 2856 qui
599 2769 671 2830 tam
687 2762 833 2852 indigne
850 2784 912 2830 suo
929 2784 1070 2831 munere
1086 2763 1202 2831 functi
1218 2770 1331 2848 erant,

150 2895 168 2931 c
192 2868 336 2941 Romam
360 2873 496 2942 reversi
520 2895 540 2939 a
564 2872 693 2939 Ioanne
717 2874 812 2962 Papa
827 2872 864 2938 in
881 2873 1022 2939 ambone
1039 2872 1233 2960 publicitus
1249 2880 1334 2940 sunt

150 2974 313 3051 damuati
337 2988 373 3051 et
387 2981 607 3051 exauctorati
625 3007 641 3041 r
661 2979 789 3066 (Marsi
805 2978 905 3049 XVI.
923 3003 957 3067 p.
975 2978 1055 3046 450.
1073 2978 1182 3064 451.).
1200 2981 1251 3048 De
1267 2980 1334 3047 hac

149 3090 334 3158 sententia
355 3088 499 3156 Ioannis
523 3087 625 3183 VIII.
651 3110 800 3154 consona
823 3086 974 3153 decretis
998 3085 1136 3153 Nicolai
1154 3085 1184 3153 I.
1203 3094 1240 3154 et
1256 3087 1334 3153 Ha-

148 3185 277 3266 driani
299 3199 349 3266 ΙΙ.
367 3202 507 3265 constat
529 3202 709 3286 praeterea
726 3220 767 3264 ex
783 3195 933 3284 epistola
949 3194 1090 3262 Ioannis
1106 3194 1172 3264 IX.
1188 3195 1232 3262 ad
1249 3194 1335 3283 Sty-

143 3287 636 3393 liauumpircaannumaou
652 3305 699 3372 cf.
710 3303 993 3392 Hergenroether
1009 3303 1209 3371 «Photiusr
1230 3302 1330 3369 ull.

139 3416 189 3481 P·
206 3404 315 3498 702),
344 3413 381 3480 in
407 3433 475 3503 qua
498 3412 557 3478 hie
583 3411 728 3479 Ioannes
751 3411 816 3477 IX.
837 3411 1018 3478 confirmat
1035 3409 1334 3477 contraPhotium

137 3497 982 3611 iudiciumaNicolai,Ioannis(nsmpeV111.),
1002 3525 1037 3586 a
1054 3517 1145 3584 sexa
1164 3515 1334 3605 stephani

135 3614 184 3676 0¹²
211 3630 402 3698 universae
418 3628 517 3695 Rom.
536 3627 747 3695 Ecclesiaer
775 3627 906 3712 (Marsi
922 3626 1021 3694 XVI.
1041 3650 1075 3714 p.
1096 3625 1174 3710 4583
1195 3622 1331 3691 XVIII.

135 3732 181 3834 P:
202 3725 318 3821 201).
344 3735 497 3803 Eandem
523 3735 758 3803 damnationis
776 3735 986 3803 sententiam
1003 3734 1230 3825 protulerunt
1246 3730 1336 3797 Pon-

134 3820 275 3911 tlfices
296 3843 390 3910 inter
414 3842 576 3910 Ioannem
592 3843 695 3912 VIII.
714 3844 919 3911 defunctum
937 3843 1015 3910 882.
1036 3850 1071 3911 et
1086 3840 1250 3909 Ioannem
1267 3839 1332 3906 IX.

138 3925 310 4018 electum
333 3950 410 4035 898,
436 3949 597 4019 Marinus
621 3952 681 4042 qui
705 3952 930 4041 praesederat
954 3950 1108 4018 Concilio
1133 3948 1235 4017 VIII.
1255 3955 1291 4017 et
1316 3969 1337 4014 a

141 4025 289 4125 Ioanne
310 4057 560 4127 VIII.·contra·
571 4058 735 4126 Photium
753 4059 897 4148 eiusque
911 4057 1190 4127 Conciliabulnm
1207 4056 1336 4126 missus

147 4138 281 4234 fuerat
300 4165 660 4255 Constantinopolim,
686 4167 889 4233 Hadrianus
913 4167 996 4250 HL,
1024 4165 1227 4254 Stephanus
1251 4164 1330 4247 VI.,

152 4240 344 4341 Formosas
368 4272 499 4359 (nansi
522 4273 621 4342 xvi.
653 4298 686 4363 p.
706 4273 786 4341 423.
803 4273 885 4341 435.
902 4273 981 4342 439.
1004 4272 1084 4343 451.
1099 4272 1196 4358 458.)
1222 4271 1287 4362 (1).

238 4416 279 4491 (1)
294 4423 349 4489 uui
366 4427 432 4493 post
448 4426 564 4477 mortam
575 4423 703 4476 Formosi
712 4423 775 4477 896.
795 4438 883 4491 usque
897 4422 934 4477 ad
946 4425 1082 4479 Ioannem
1093 4425 1145 4479 1x.
1160 4426 1222 4478 898.
1237 4424 1329 4478 secuti
