3120 4988
688 301 727 316 -
747 268 806 332 227
826 303 864 316 -

210 414 219 432 ι
263 379 294 463 e)
317 375 513 465 seponatur
537 374 687 466 denique
718 374 917 446 criminatio
948 378 1024 447 risu
1055 377 1188 468 digna,
1221 377 1370 450 Latinos

189 484 438 576 interpolando
462 484 603 551 litteras
627 484 756 569 Photii,
777 484 859 553 huic
884 486 953 575 ipsi
972 487 1079 557 cviro
1097 485 1266 555 heroicon
1287 511 1369 579 eup-

192 594 354 685 posuisse
377 591 573 662 doctrinam
596 591 638 659 de
662 592 878 683 processione
903 594 1059 683 Spiritus
1083 592 1204 663 Sancti
1224 596 1367 665 etiama

194 700 307 770 Filio.

265 809 372 880 Nemo
396 827 557 897 umquam
580 803 790 874 Latinorum
822 807 1024 893 dubitavit,
1057 810 1144 901 quin
1168 810 1266 903 origo
1290 814 1372 883 hae-

198 941 326 1003 reseos,
342 916 465 984 saltem
479 920 650 1006 quatenus
663 914 700 981 in
717 915 919 984 orientalem
937 923 1065 986 sectam
1083 920 1226 1007 coaluit,
1245 923 1371 993 Photio

200 1028 380 1110 debeatur3
406 1046 475 1116 qua
498 1045 581 1112 ergo
604 1023 741 1091 ratione
765 1023 816 1091 eis
833 1024 870 1092 in
887 1033 1034 1095 mentem
1051 1028 1171 1097 venire
1195 1033 1371 1119 potuisset

200 1133 426 1223 interpolatio
450 1133 486 1199 in
510 1131 586 1199 eius
617 1131 782 1221 scriptis,
815 1133 979 1201 utillum
1011 1135 1137 1223 dogma
1160 1137 1372 1209 catholicum

201 1241 395 1314 defendisse
428 1239 630 1329 fingerent?
668 1238 935 1309 Zoernikawius
969 1248 1069 1309 etex
1101 1241 1164 1311 illo
1194 1243 1373 1317 Macarius

200 1357 361 1434 narrant,
386 1348 577 1418 Henricum
600 1345 779 1416 Canisium
803 1348 842 1415 in
866 1349 982 1417 codice
1006 1372 1111 1420 manu
1129 1353 1261 1443 scripto
1278 1377 1370 1444 sym·

200 1459 316 1528 bolum
350 1455 801 1544 constantinopolitanum,
828 1455 918 1547 quod
942 1456 1091 1527 Photius
1126 1459 1201 1528 suis
1235 1461 1371 1532 litteris

201 1569 243 1638 ad
267 1565 473 1637 Michaelem
496 1564 733 1653 Bulgarorum
756 1565 950 1655 principem
974 1570 1042 1655 (ep.
1059 1567 1094 1636 8.
1112 1565 1149 1634 iu
1174 1568 1227 1637 ed.
1253 1569 1374 1660 Migne

201 1679 242 1747 Τ.
255 1675 333 1745 CII.
347 1699 381 1764 p.
396 1674 492 1760 630.)
508 1673 719 1758 inseruerat,
745 1673 916 1763 reperisse
933 1673 1184 1764 interpolatum
1198 1700 1259 1768 per
1275 1680 1373 1749 addi·

197 1791 272 1855 tam
288 1781 499 1874 particulam
515 1780 689 1872 Filioque.
705 1779 756 1848 At
768 1779 853 1849 haec
868 1779 1053 1850 historiola
1069 1789 1123 1851 est
1138 1783 1317 1853 levissima
1333 1793 1371 1856 et

196 1892 338 1962 nullius
372 1891 505 1978 frugis.
529 1888 687 1958 codicem
715 1888 824 1956 istum
859 1889 1030 1958 iactatum
1064 1892 1156 1961 scias
1179 1915 1245 1961 non
1272 1894 1371 1966 aliud

197 2000 312 2070 fuisse
336 2019 438 2089 quam
463 1997 625 2065 schedam
647 1995 829 2066 Francisci
854 1996 1042 2082 Turriani,
1069 1998 1130 2089 qui
1153 2023 1222 2068 non
1246 2001 1372 2073 Photio

196 2109 302 2177 illam
337 2105 586 2197 professionem
621 2104 818 2174 adscribere
848 2106 907 2174 sed
938 2104 1134 2194 symbolum
1157 2109 1202 2178 ad
1226 2110 1372 2183 formam

199 2214 383 2286 Ecclesiae
407 2211 633 2281 occidentalis
656 2213 818 2300 redigere
840 2211 878 2280 in
903 2234 968 2281 sua
982 2214 1097 2282 latina
1112 2216 1272 2286 versione
1294 2243 1374 2309 pro·

203 2323 355 2414 positum
379 2319 516 2408 habuit;
543 2321 634 2388 unde
657 2320 819 2390 Carisius
844 2342 960 2389 vocem
984 2322 1148 2414 Filioque
1162 2324 1375 2396 'minutiori-

204 2435 267 2502 bus
292 2428 425 2500 litteris
450 2427 603 2515 imprimi
626 2428 743 2513 iussit,
761 2450 804 2496 ne
821 2429 900 2520 quie
917 2428 1016 2497 homo
1032 2429 1174 2519 ineptus
1190 2433 1282 2502 forte
1298 2456 1375 2504 eam

202 2541 331 2611 Photio
355 2537 577 2606 tribuendam
601 2534 774 2626 suspicari
797 2540 925 2626 posset.
940 2535 1032 2607 Vide
1047 2539 1091 2608 cl.
1106 2537 1286 2611 Laemmer
1300 2546 1326 2614 l.
1341 2566 1372 2614 o.

267 2755 316 2825 4⁰.
342 2751 546 2846 Sequuntur
569 2751 642 2820 tria
664 2750 879 2838 testimonia,
898 2752 936 2821 in
953 2753 1080 2845 quibus
1097 2753 1275 2828 Macarius
1298 2781 1375 2830 cum

205 2865 280 2935 euis
304 2858 609 2951 interpolationem
631 2858 840 2928 Latinorum
864 2861 1064 2950 exprobrat3
1089 2883 1128 2931 re
1150 2870 1266 2932 autem
1290 2888 1376 2935 vera

205 2977 318 3042 totum
342 2991 515 3041 venenum
531 2967 681 3036 latinum
693 2967 729 3035 in
745 2966 810 3035 hoo
825 2966 929 3053 iacet,
945 2969 1036 3060 quod
1050 2970 1198 3039 duorum
1213 2976 1374 3042 textuum

204 3078 396 3152 Athanasii
426 3099 549 3147 sensus
584 3075 758 3167 genuinus
780 3076 818 3144 in
842 3077 1001 3147 versione
1030 3077 1145 3149 latina
1174 3082 1375 3172 expressius

204 3336 231 3387 p.
241 3316 307 3372 396.
322 3313 410 3385 Atqui
428 3314 588 3369 Photiauue
607 3314 673 3369 dum
685 3317 801 3370 accusat
818 3315 939 3369 Latinos
951 3316 1139 3385 corruptelae,
1154 3316 1376 3374 insecucutione

205 3409 268 3476 ipsa
287 3407 440 3460 manifeste
459 3404 614 3473 corrumpit
632 3407 740 3458 textum
760 3404 922 3474 hembardi,
944 3406 1180 3474 quinequaquam
1201 3407 1285 3475 dixit,
1302 3387 1376 3476 pucd
1420 3426 1435 3451 ·

204 3499 346 3554 Macarius
360 3499 454 3552 latine
469 3499 498 3549 et
510 3497 662 3550 vernacule
674 3496 822 3565 coniugia
839 3496 887 3549 sed
901 3497 989 3550 verba
999 3498 1059 3550 eius
1069 3497 1139 3565 haec
1149 3500 1228 3554 eunt.
1245 3518 1258 3545 a
1271 3498 1375 3553 Eodem

206 3605 289 3644 sensu
303 3586 392 3660 (sicut
399 3584 605 3654 principaliter
622 3586 736 3638 aPatre
748 3581 910 3657 procedere)
924 3586 1010 3639 etiam
1025 3585 1133 3639 dicitur
1152 3586 1302 3653 procedere
1310 3605 1377 3654 prc-

202 3682 264 3748 prr'e
279 3679 315 3733 dc
329 3680 424 3731 Patre.
439 3698 452 3726 n
470 3674 550 3730 Unde
564 3676 753 3742 Hieronymus
778 3677 830 3730 ait:
847 3697 859 3724 u
875 3676 1015 3729 credimus
1034 3678 1066 3728 in
1076 3676 1216 3744 Spiritum
1231 3677 1374 3746 Sanctum,

207 3771 253 3838 qui
275 3768 309 3821 de
328 3768 413 3821 Patre
433 3765 563 3834 procedit
568 3765 695 3831 proprie.
710 3766 792 3818 Item:
813 3764 951 3831 Spiritum
970 3764 1104 3817 Sanctum
1114 3780 1211 3818 verum
1230 3767 1316 3818 Deum
1332 3767 1376 3820 in·

206 3861 336 3915 venimus
349 3857 381 3910 iu
395 3857 543 3924 Scriptura
561 3860 590 3909 et
601 3855 633 3908 de
643 3858 728 3909 Patre
745 3870 804 3908 esse
811 3855 938 3923 proprie.
953 3855 991 3906 Et
1002 3856 1115 3908 iterum:
1132 3854 1165 3906 de
1176 3855 1259 3908 Patre
1270 3856 1375 3926 Filius,

205 3955 232 4006 et
245 3951 375 4019 Spiritus
392 3948 514 4002 Sanctus
528 3949 643 4014 proprie
662 3950 692 3998 et
712 3961 777 4000 vere
796 3945 829 3996 de
848 3947 933 3998 Patre
947 3944 1084 4013 procedit.
1100 3946 1170 3999 Ecce
1184 3951 1281 4013 aperte
1294 3947 1375 4017 dicit,

202 4041 346 4112 Spiritum
366 4038 499 4093 Sanctum
513 4038 629 4104 proprie
649 4052 709 4090 esse
729 4035 763 4089 de
782 4037 878 4103 Patre,
895 4039 925 4089 et
937 4034 1054 4101 proprie
1072 4034 1221 4102 procedere
1243 4053 1260 4089 a
1280 4038 1375 4091 Patre.

203 4131 288 4198 Quod
301 4145 358 4183 uon
372 4132 417 4183 est
429 4132 472 4183 ita
492 4127 724 4193 intelligendum,
745 4130 888 4197 tamquam
903 4125 984 4193 prius
994 4127 1041 4179 vel
1059 4125 1173 4192 plenius
1187 4127 1299 4180 aPatre
1314 4145 1376 4196 pro·

199 4222 290 4276 cedat
316 4236 397 4287 quam
412 4236 428 4273 a
446 4219 533 4287 ruia
549 4217 599 4273 sed
619 4217 756 4285 quiahoc
774 4217 862 4270 habet
880 4218 966 4269 Pater
985 4233 1002 4268 a
1021 4231 1061 4283 se,
1077 4231 1134 4268 non
1154 4218 1189 4270 ab
1203 4218 1271 4285 alio,
1293 4223 1325 4272 ut
1342 4218 1377 4272 de

201 4309 273 4378 ipso
291 4311 333 4363 eit
343 4311 372 4362 et
383 4308 517 4377 procedat
529 4308 657 4375 Spiritus
676 4308 809 4375 Sanctus,
825 4305 918 4359 Filius
937 4310 1029 4358 autem
1040 4321 1097 4358 nou
1115 4321 1181 4374 use,
1198 4306 1247 4360 eed
1260 4325 1277 4361 a
1291 4309 1376 4362 Patre

185 4383 188 4387 ⁴
202 4397 263 4452 hoe
274 4399 369 4467 habet,
387 4403 419 4453 ut
428 4398 462 4453 de
475 4400 538 4468 ipso
551 4401 593 4453 sit
603 4401 633 4451 et
642 4397 778 4469 procedat
796 4397 923 4467 Spiritus
932 4396 1052 4451 Sanctus
1068 4416 1081 4444 n
1095 4396 1175 4451 Seut.
1189 4399 1214 4451 1.
1229 4396 1299 4451 diet.
1314 4398 1357 4451 12.
