3120 4988
656 313 693 327 -
715 279 754 345 89
774 313 812 327 .-

84 387 368 469 docerentur,
386 386 593 476 persuadere
617 389 834 456 conabantur
857 376 948 455 illud
973 409 1080 454 unum
1098 385 1200 455 cuius
1214 408 1319 456 causa

87 493 382 576 missi'erant,
402 503 444 563 ut
468 496 614 563 insertio
631 496 668 563 in
692 495 888 585 symbolum
904 495 1117 564 auctoritate
1134 495 1319 565 Pontificis
1380 490 1385 499 ’

91 601 415 671 confirmaretur
439 601 501 692 (1).
528 603 601 672 Hoc
624 609 742 671 autem
773 605 940 696 quomodo
972 611 1058 674 tunc
1081 627 1102 671 a
1125 605 1240 673 Leone
1263 605 1320 673 III

93 718 326 800 negatum,
342 719 462 802 postea
487 736 568 781 vero
593 715 634 781 ob
658 715 899 781 necessitatem
923 736 965 780 ex
989 714 1127 782 haeresi
1143 712 1320 783 Photinus

97 823 285 917 partam
309 843 375 887 usu
399 820 557 909 legitimo
592 820 764 910 paulatim
799 820 982 888 inductum
1007 821 1139 906 fuerit,
1166 821 1320 890 diximus

101 927 161 994 in
207 927 395 996 'luxa
614 951 626 972 ³

168 1058 178 1106 .‘
211 1034 316 1105 Nunc
339 1059 381 1104 ex
405 1036 482 1126 ipsa
505 1059 621 1106 rerum
645 1043 824 1126 gestarum
849 1036 999 1106 historia
1022 1037 1151 1105 nemini
1175 1037 1319 1106 dubium

111 1165 224 1210 esse
246 1151 377 1234 potest,
404 1169 473 1212 non
502 1147 613 1214 solum
638 1147 676 1212 iu
700 1146 854 1216 Concilio
877 1146 1160 1237 Aquisgranensi
1197 1147 1317 1214 sedin
1346 1129 1356 1144 ’

117 1251 316 1320 universa
331 1252 502 1338 Ecclesia,
523 1253 670 1322 maxime
695 1255 901 1323 occidentali
922 1256 963 1322 de
980 1277 1049 1346 qua
1065 1255 1102 1322 in
1126 1254 1190 1323 hoc
1206 1254 1319 1343 capite

80 1393 82 1396 >
120 1356 326 1429 Macarius
338 1363 509 1449 disputat,
521 1362 659 1452 plenum
673 1363 782 1430 fuisse
796 1385 1002 1431 consensum
1018 1365 1053 1430 in
1068 1362 1181 1452 ipsum
1195 1362 1320 1450 dogma

124 1470 379 1552 processionis
405 1469 561 1559 Spiritus
585 1471 705 1538 Sancti
722 1494 743 1537 a
759 1473 865 1541 Patre
888 1482 923 1541 et
942 1471 1048 1558 Fili03
1068 1495 1129 1540 nec
1146 1473 1215 1539 iam
1231 1492 1318 1560 opus

129 1585 201 1640 est
234 1579 373 1668 singula
396 1601 484 1670 quae
506 1581 703 1649 Photianus
728 1581 769 1649 de
793 1580 948 1649 Concilio
973 1581 1250 1650 comminiscitur
1266 1601 1322 1648 su·

131 1683 268 1764 parius
292 1688 434 1756 anobis
458 1690 645 1776 descripta,
672 1688 794 1757 multis
818 1693 1012 1759 confutare.

217 1795 252 1877 a)
276 1793 414 1862 Turbae
437 1818 458 1862 a
482 1796 646 1863 monacho
669 1784 798 1864 Ioanne
822 1798 997 1865 excitatae
1013 1804 1048 1865 et
1064 1797 1258 1886 periculum
1276 1819 1319 1865 ne

136 1907 246 1966 error
271 1902 381 1970 latius
417 1912 590 1992 serperet,
617 1904 704 1971 satis
730 1902 902 1973 habebant
932 1906 1150 1994 gravitatis,
1178 1913 1220 1973 ut
1244 1897 1339 1973 tum'

133 1991 311 2080 Pontifex
334 2011 404 2079 Leo
420 2011 456 2080 in
474 2034 535 2080 suo
551 2012 708 2100 symbolo
724 2014 769 2081 ad
789 2037 904 2082 omnes
920 2015 1108 2098 Ecclesiae,
1127 2024 1203 2084 tum
1219 2037 1318 2107 prae-

131 2119 251 2191 eunte
267 2121 437 2188 Pontifice
454 2120 647 2190 Concilium
669 2122 957 2212 Aquisgranensa
974 2124 1148 2192 vindicias
1164 2106 1337 2214 suscipcss'

127 2227 220 2288 rent
252 2229 447 2298 catholicae
462 2231 653 2299 doctrinae.
681 2231 746 2298 Pro
764 2230 918 2299 Concilio
938 2231 1010 2299 alia
1026 2232 1211 2300 accedebat
1228 2234 1320 2300 ratio

124 2333 161 2383 ⁰¹
200 2339 424 2427 suspicione,
442 2362 511 2429 qua
533 2340 625 2429 apud
641 2339 803 2408 Carolum
819 2338 904 2408 licet
919 2339 1091 2409 immerito
1108 2340 1195 2409 fides
1212 2340 1320 2410 Grae·

120 2440 268 2512 ⁰⁰¹'um
292 2446 487 2514 universim
510 2446 704 2516 laborabat.

118 2636 124 2652 Ι
199 2545 251 2638 ὂ)
274 2555 329 2622 Ex
354 2554 503 2623 historia
526 2556 700 2645 dogmatis
724 2555 765 2623 de
782 2555 998 2644 processione
1022 2557 1180 2647 Spiritus
1197 2557 1320 2628 Sancti

115 2661 149 2706 1¹¹
185 2650 369 2734 Ecclesia
393 2667 599 2754 praesertim
624 2665 845 2751 occidentali,
863 2689 969 2757 eoque
986 2668 1186 2736 evidentius
1210 2667 1248 2736 in
1260 2691 1319 2738 re-

113 2756 215 2868 gnis
252 2774 369 2842 Caroli
393 2775 439 2844 Μ.
465 2799 532 2844 non
557 2774 669 2842 solum
693 2798 759 2842 non
792 2775 999 2864 colligitur,
1025 2777 1114 2866 quod
1140 2776 1320 2846 Macarius

112 2867 190 2949 Μ,
232 2883 456 2974 Aquisgrani
480 2883 611 2952 acriter
635 2884 868 2972 disceptatum
886 2906 961 2952 esse
985 2884 1022 2951 in
1041 2894 1223 2976 utramque
1240 2909 1320 2975 par·

111 2965 225 3070 l³¹¹13
262 2991 321 3060 sed
346 2990 671 3060 manifestissimum
695 2997 761 3076 est,
788 2992 881 3080 apud
905 3013 961 3059 eos
985 2993 1112 3083 quibus
1135 2992 1337 3083 ambiguae¹

195 3144 261 3224 (1)
279 3157 321 3209 Ex
342 3172 434 3210 rerum
449 3159 522 3210 serie
543 3157 687 3223 descripta
699 3159 821 3223 constat,
840 3155 908 3223 quid
923 3156 1091 3211 censendum
1105 3157 1146 3209 sit
1160 3156 1192 3208 dc
1207 3173 1240 3210 es
1253 3171 1320 3209 con·

113 3215 302 3311 troversis,
319 3250 416 3298 utrum
434 3246 464 3297 ln
485 3246 592 3312 synodo
620 3246 847 3312 Aqulsgranensi
876 3250 967 3298 actum
997 3246 1037 3298 sit
1064 3246 1256 3299 tantummodo
1283 3244 1317 3297 do

113 3302 344 3389 deelarationu
358 3336 487 3402 symbolo
501 3335 664 3402 inserenda,
680 3342 713 3387 ut
726 3336 818 3387 sentit
834 3336 975 3388 Batonius
988 3334 1036 3407 (ud
1051 3353 1119 3390 ann.
1135 3337 1197 3389 809.
1213 3353 1241 3390 n.
1256 3331 1315 3408 53),

112 3407 147 3494 ΕΡ
162 3409 233 3505 'de
258 3428 320 3495 ipsa
339 3426 488 3481 dumtaxat
507 3427 638 3481 doctrina
657 3427 857 3494 processionis,
871 3432 903 3481 ut
921 3431 1021 3480 contra
1039 3427 1194 3479 Baronium
1208 3425 1314 3490 Pagina

24 3561 29 3568 .
111 3479 173 3551 (ὧι
206 3508 255 3569 in
272 3517 394 3588 Critlca)
408 3534 442 3570 ox
461 3518 575 3572 Goiutio
594 3517 753 3571 contendit.
768 3517 933 3570 Certissima
948 3516 1022 3570 sicut
1037 3517 1188 3570 monachus
1201 3529 1317 3581 graecus

128 3586 145 3622 θ
171 3598 320 3674 11troque
340 3611 468 3661 moverat
486 3607 688 3673 quaestionem,
704 3607 748 3660 ita
768 3608 798 3660 iu
819 3607 945 3660 Concilio
965 3612 1057 3660 actum
1077 3611 1122 3660 est
1140 3606 1173 3658 da
1187 3610 1317 3672 utroque,

110 3666 167 3721 Μ
198 3697 297 3750 modo
316 3697 441 3765 diverso,
467 3708 548 3764 quem
568 3697 836 3764 demonstravimus3
862 3702 892 3750 et
908 3697 954 3749 dc
984 3702 1104 3765 utroque
1129 3695 1318 3761 intelligendi

107 3761 200 3888 :¹¹¹st
236 3790 382 3841 annalium
403 3789 566 3855 scriptores,
580 3787 694 3856 quando
712 3787 819 3854 dicunt,
850 3788 1014 3852 «agitatum
1043 3803 1104 3840 osse
1124 3787 1320 3852 quaestionem

122 3853 156 3925 ⁰.
171 3872 379 3932 processione
393 3878 520 3946 Spiritus
535 3877 642 3944 Sancti;
657 3897 670 3925 n
691 3881 723 3930 at
737 3892 793 3929 uon
806 3877 866 3929 nisi
880 3877 913 3929 do
927 3893 959 3930 oo
974 3878 1047 3943 quod
1057 3877 1181 3929 Carolus
1194 3877 1319 3943 ipsaque

103 3937 275 4020 'duodus
293 3969 415 4021 maxime
435 3968 564 4033 urgebat,
579 3965 792 4021 tle-insertione
813 3969 930 4033 inquam
949 3967 980 4018 in
1005 3967 1161 4032 symbolum
1188 3964 1320 4030 intelllgi

100 4025 255 4150 {otssflt
272 4057 346 4125 quod
366 4057 548 4123 Eginhardus
565 4054 675 4129 (annal.
692 4055 728 4109 ad
748 4056 776 4110 b.
792 4056 832 4127 a.)
852 4058 904 4123 ait,
923 4076 935 4103 a
953 4057 1011 4108 eius
1035 4055 1213 4122 definiendae
1235 4071 1319 4108 cautu

98 4123 177 4239 „⁹¹⁴
182 4143 337 4202 ¹1lucrium
357 4155 386 4201 et
403 4147 597 4201 Adelhardum
617 4149 731 4199 Romam
750 4147 786 4199 ad
806 4149 927 4199 Leonem
945 4148 1050 4213 Papam
1081 4146 1182 4199 missos
1208 4162 1280 4213 essa,
1302 4166 1316 4195 s

94 4210 201 4340 15:¹¹¹
238 4240 271 4293 do
291 4240 424 4294 doctrina
442 4239 507 4306 ipsa
526 4255 582 4292 non
597 4241 687 4293 solum
701 4239 756 4290 iam
770 4238 879 4306 pridem
893 4240 977 4304 plene
990 4238 1150 4306 constabat,
1164 4237 1215 4291 scd
1230 4237 1317 4290 etiam

92 4377 105 4415 θ
142 4311 206 4364 ‘¹⁹
238 4330 330 4385 oculis
350 4335 412 4383 erat
431 4329 561 4383 definitio
580 4329 782 4383 recentissima
799 4327 904 4383 Leonis
921 4327 959 4380 ad
984 4329 1185 4398 imperatorem
1214 4329 1246 4380 ot
1271 4338 1322 4394 por

107 4379 201 4456 ᾖ*
218 4419 270 4480 ‹nu
291 4419 648 4475 conanumtrmsmissa.
719 4442 722 4448 ⁴
1175 4438 1177 4444 ¹
