3120 4988
700 292 739 306 -
760 260 798 321 58
820 292 857 304 -

191 389 270 435 nam
297 366 444 433 comnia
468 386 702 456 quaecumque
725 365 833 434 habet
855 366 1007 448 Pater,n
1033 370 1119 434 sunt
1139 364 1244 433 etiam
1260 363 1363 448 Filii,

195 503 212 538 a
227 495 302 541 mea
326 480 454 557 sunt,n
481 481 642 541 manente
666 473 788 564 utique
806 473 880 540 sola
896 472 1123 540 distinctione
1138 494 1200 560 per
1222 470 1370 538 relatio·
1462 514 1465 519 -

192 604 252 648 nes
276 581 407 668 primae
431 602 597 669 personae
613 579 796 667 gignentis
820 588 857 648 et
881 580 1053 648 secundae
1069 579 1209 666 genitae
1225 578 1269 644 ab
1284 577 1364 663 illa,

192 689 282 779 quod
306 687 421 776 ipsum
445 689 482 755 in
505 687 619 754 altero
644 687 718 753 loco
741 687 935 776 expressit:
961 709 1026 776 ego
1042 686 1188 774 (Fi-lius)
1204 693 1241 754 et
1258 686 1367 755 Pater

178 820 298 871 ,anam
321 819 446 864 samus.
473 800 504 882 c)
526 795 626 863 Inter
651 795 735 862 haec
759 795 874 861 omnia
898 795 946 877 id,
966 797 1057 886 quod
1074 816 1201 883 scopus
1217 799 1298 862 erat
1313 798 1368 862 to·

194 903 267 970 tius
291 901 398 972 huius
423 903 596 989 segmenti
620 903 658 969 in
681 904 839 971 oratione
854 901 1001 986 Christi,
1022 902 1165 970 disertis
1189 901 1309 970 verbis
1325 908 1368 971 ut

195 1034 302 1080 unum
325 1019 362 1079 et
381 1033 558 1079 commune
575 1011 740 1079 ambobus
756 1010 979 1100 exprimitur,
997 1010 1122 1076 relatio
1139 1033 1255 1098 nempe
1264 1012 1380 1100 pria--

195 1120 282 1206 eipii
300 1117 346 1184 ad
360 1142 538 1205 personam
555 1119 706 1199 tertiam,
724 1120 895 1207 Spiritum
910 1119 1084 1187 Sanctum:
1104 1115 1250 1184 comnia
1264 1138 1370 1207 quae·

196 1249 341 1316 cumque
365 1225 470 1293 habet
499 1225 629 1311 Pater,
656 1249 731 1295 mea
764 1233 872 1313 sunt;
892 1238 1078 1314 propterea
1100 1221 1193 1308 dimi,
1217 1220 1373 1315 quiade

196 1356 265 1398 meo
289 1335 481 1422 accipiet.»
597 1391 613 1415 ,

264 1444 356 1511 Hinc
379 1467 422 1510 ex
447 1442 503 1510 his
526 1442 613 1531 ipsis
637 1443 766 1526 verbis,
793 1443 921 1534 quibus
944 1443 1076 1511 directe
1099 1441 1272 1531 processio
1289 1442 1370 1531 Spi-

197 1553 291 1622 ritus
315 1552 438 1620 Sancti
461 1550 603 1634 aFilio,
622 1550 710 1618 etin
727 1550 879 1641 obliquo,
898 1551 982 1641 quia
999 1551 1115 1620 Filius
1131 1551 1248 1618 omnia
1263 1549 1372 1617 habet

197 1682 219 1727 a
241 1661 359 1744 Patre,
386 1659 560 1748 processio
584 1660 688 1728 etiam
706 1680 727 1725 a
743 1658 851 1725 Patre
866 1659 1087 1743 enuntiatur,
1105 1658 1220 1726 solent
1243 1680 1292 1726 ss.
1310 1657 1372 1725 do-

198 1775 312 1836 ctores
335 1767 505 1835 adversus
528 1766 683 1834 Arianos
718 1766 975 1849 demonstrare,
1003 1766 1178 1855 Spiritum
1201 1764 1372 1835 Sanctum

197 1895 265 1940 non
289 1895 311 1940 a
334 1872 407 1940 solo
429 1872 535 1957 Filio,
552 1874 611 1941 sed
634 1873 740 1940 etiam
756 1895 777 1939 a
792 1873 911 1959 Patre,
927 1880 1031 1963 atque
1047 1873 1132 1940 adeo
1148 1893 1191 1940 ex
1216 1872 1373 1942 essentia

198 1982 319 2049 Patris
344 1989 379 2050 et
400 1980 512 2064 Filii,
538 2003 605 2048 non
641 2003 724 2049 vero
755 1989 796 2049 ut
827 1990 1024 2049 creaturam
1047 1981 1135 2050 Filii
1171 1984 1369 2072 procedere.

198 2089 373 2158 Dixerant
395 2090 545 2177 Ariani:
566 2087 713 2155 cFilius
729 2110 750 2154 a
764 2089 870 2156 Patre
892 2095 946 2156 est
968 2092 1111 2176 genitus
1130 2090 1372 2179 (generatione

200 2197 419 2286 impropria),
439 2199 595 2285 Spiritus
621 2197 771 2266 Sanctus
795 2221 816 2263 a
838 2196 932 2264 Filio
955 2208 1008 2264 est
1032 2199 1161 2266 factus.
1178 2224 1196 2261 n
1217 2199 1374 2289 Respon-

201 2305 261 2374 det
276 2305 515 2394 Augustinus.
538 2306 664 2388 aQuod
678 2315 793 2373 autom
806 2304 917 2373 dixit:
936 2304 977 2372 de
995 2327 1068 2372 meo
1085 2306 1245 2395 accipiet,
1264 2306 1375 2376 solvit

201 2410 277 2501 ipse
301 2412 549 2504 quaestionem,
568 2435 610 2479 ne
634 2422 821 2500 putaretur
844 2413 946 2503 quasi
965 2435 1030 2501 per
1053 2411 1217 2503 quosdam
1239 2412 1374 2504 predas

202 2519 253 2588 sic
276 2542 351 2588 essa
375 2521 416 2589 de
440 2519 503 2587 illo
526 2519 634 2609 (Filio
658 2518 745 2603 solo)
769 2518 925 2608 Spiritus
943 2520 1107 2606 Sanctus,
1135 2523 1302 2613 quomodo
1319 2528 1375 2592 est

201 2629 276 2718 ipse
300 2629 470 2697 dePatre
487 2629 601 2717 (solo),
620 2650 697 2697 cum
721 2629 819 2695 ambo
836 2629 877 2696 de
893 2628 1013 2712 Patre,
1033 2628 1096 2696 ille
1112 2637 1291 2715 nascatur,
1310 2629 1374 2698 ille

202 2737 406 2826 procedat...
435 2760 519 2824 ergo
544 2759 585 2802 ne
609 2735 672 2803 hoc
688 2745 886 2825 putaretur,
906 2746 947 2804 nt
963 2738 1050 2820 dixi,
1069 2738 1235 2807 continuo
1259 2738 1376 2806 subia-

203 2847 264 2914 cit:
291 2847 406 2912 omnia
429 2867 518 2936 quae
542 2844 648 2911 habet
670 2844 789 2926 Pater,
806 2867 880 2912 mea
904 2850 999 2929 sunt,
1015 2852 1200 2941 propterea
1224 2844 1314 2928 dixi,
1333 2844 1376 2912 de

203 2977 276 3023 meo
299 2953 459 3042 accipiet.
478 2953 537 3019 Ita
553 2951 627 3018 sine
644 2950 749 3018 dubio
773 2951 931 3040 intelligi
949 2953 1081 3035 volens,
1100 2951 1191 3043 quod
1207 2950 1376 3019 de-Patre

203 3061 372 3150 accipiat3
399 3058 457 3127 sed
480 3061 555 3127 ideo
579 3059 620 3127 de
642 3063 753 3148 ipsius
775 3067 909 3150 (nempe
925 3063 966 3142 de
982 3061 1082 3145 Filii,
1103 3061 1194 3151 quod
1211 3059 1378 3129 Christus

204 3170 298 3239 dixit
321 3170 479 3255 directe),
501 3171 586 3259 qaia
602 3172 716 3234 ommia
741 3192 829 3258 qaae
854 3170 954 3236 habet
978 3171 1085 3237 Pater
1108 3175 1159 3258 (et
1182 3168 1274 3236 inter
1292 3168 1376 3236 haee

205 3277 319 3345 omnia
344 3275 471 3344 relatio
493 3276 661 3366 principii
686 3277 730 3343 ad
746 3275 918 3364 Spiritum
940 3275 1135 3362 Sanctum),
1155 3279 1266 3367 ipsius
1284 3289 1375 3341 sumt.

203 3386 299 3455 Haec
321 3393 438 3452 autern
461 3407 529 3450 non
546 3391 600 3451 est
615 3385 807 3453 diversitas
823 3393 984 3468 naturae,
1002 3383 1061 3451 sed
1076 3387 1180 3451 amires
1201 3385 1379 3475 principii

205 3493 446 3562 commendatio
461 3518 478 3554 n
496 3491 546 3581 (1)
560 3493 656 3580 Aug.
676 3499 767 3560 cont.
787 3515 889 3561 serm.
908 3493 1033 3560 Arian.
1053 3517 1089 3562 ιι.
1109 3492 1163 3562 19.
1186 3493 1267 3560 aDe
1283 3491 1379 3560 Filio

275 3637 318 3713 (1)
335 3639 408 3695 Vide
426 3638 570 3704 egregiam
587 3639 672 3692 huius
691 3639 776 3691 anius
789 3638 933 3704 principii
943 3638 1163 3706 explicationem
1191 3638 1267 3707 apud
1283 3640 1380 3708 ipsum

204 3733 394 3799 Augustinnm
408 3734 440 3786 in
452 3733 494 3787 Io.
511 3734 595 3786 tract.
610 3732 654 3785 99.
669 3746 698 3785 ιι.
712 3733 750 3799 8.;
768 3730 800 3784 de
816 3731 898 3786 Trio.
912 3732 975 3785 XV.
987 3747 1016 3785 n.
1031 3733 1074 3785 29.
1088 3747 1158 3800 qaae
1173 3732 1379 3801 descripsimus

180 3899 183 3903 .
203 3825 256 3879 uh.
269 3827 386 3882 XXXV.
1202 3825 1268 3894 :xa-iffi

276 3920 369 3972 Audet
387 3918 528 3973 Macarius
547 3934 574 3984 p.
592 3917 655 3969 338.
671 3916 759 3968 istum
778 3915 936 3980 Augustini
955 3918 1047 3969 locum
1061 3932 1096 3969 ex
1111 3917 1186 3970 libro
1199 3921 1276 3971 cont.
1292 3934 1379 3974 serm.

205 4010 307 4064 Arian.
323 4009 457 4062 inducere
477 4008 512 4061 ad
528 4006 789 4074 demonstrandum,
813 4007 913 4058 Patres
938 4006 1014 4059 illud
1042 4006 1075 4058 de
1092 4023 1150 4058 meo
1180 4007 1300 4072 accipiet
1322 4024 1381 4063 non

205 4098 389 4151 intellexisse
409 4097 443 4149 de
463 4098 643 4164 processione
662 4097 789 4162 Spiritus
809 4095 917 4161 Sancti,
934 4095 983 4148 sed
1005 4095 1045 4164 de
1066 4098 1126 4149 eius
1150 4097 1383 4152 cousubstantia-

206 4191 293 4243 litate
312 4203 374 4240 cum
393 4187 479 4255 Filio;
494 4187 529 4239 ad
550 4185 623 4254 quod
643 4185 736 4251 ipsum
755 4186 842 4237 etiam
862 4184 950 4238 verba
969 4185 1067 4252 aliqua
1085 4184 1180 4238 adfert
1197 4200 1232 4237 ex
1250 4186 1384 4241 Pseudo-

206 4278 366 4332 Athauasio
389 4275 515 4348 (Dialog.
537 4277 561 4329 Ι.
578 4277 651 4328 cont.
666 4272 861 4328 Macedonian.
874 4287 904 4325 u.
919 4268 987 4344 lu).
1001 4273 1040 4326 At
1052 4272 1232 4338 Augustinus
1245 4279 1275 4326 et
1293 4275 1384 4331 ceteri

207 4369 309 4422 Patres
329 4365 509 4438 disputantes
537 4365 677 4421 adversus
704 4363 837 4432 Arianos,
852 4365 885 4416 ut
903 4362 1059 4430 probarent
1078 4362 1264 4419 divinitatem
1289 4365 1383 4434 Spiri-
