3120 4988
691 337 727 351 ..
750 304 789 367 66
809 338 846 351 ..

191 416 377 484 adhibebat
401 414 451 500 (in
478 413 532 481 Pe.
553 413 609 481 25.
632 412 701 496 10),
729 411 786 480 hio
809 417 863 480 est
885 413 1009 500 Pater3
1037 405 1195 479 etlumen
1212 413 1284 479 ciros
1299 413 1358 478 ri-

191 524 297 606 lium;
322 537 353 589 et
378 525 413 588 in
439 524 566 587 homine
583 523 693 587 lumen.
716 523 889 609 Spiritum
911 523 1113 591 Sanctum...
1139 521 1257 590 lumen
1274 528 1357 589 ante

191 632 315 699 faciem
340 630 404 699 Dei
429 619 583 718 Spiritus
608 628 769 714 Sanetus3
796 627 965 720 siquidem
982 630 1098 718 facies
1120 631 1185 696 Dei
1206 643 1256 695 est
1279 632 1359 694 uoi-

189 742 338 830 peoicus‚
353 740 447 804 orites
462 737 572 803 lumea
585 753 633 805 est
647 739 800 826 Spiritus
815 739 976 805 Sanctam
993 739 1055 827 (ib.
1075 761 1109 805 n.
1123 736 1178 804 21.
1197 735 1354 826 p.1323).

190 850 274 918 Cum
299 850 355 917 his
379 849 538 917 conferas
563 869 649 938 quae
673 847 777 913 habet
808 846 1009 913 Theodorus
1038 843 1268 914 Raithuensis
1293 843 1354 929 (1).

194 957 381 1047 rSpiritus
405 954 554 1023 Sanetus
578 955 709 1023 dicitur
732 956 887 1043 Spiritus
911 956 980 1018 orio
1004 954 1116 1036 illine,
1142 975 1262 1040 nempe
1277 952 1356 1036 Dei,

191 1068 353 1157 quoniam
377 1088 412 1128 oe
436 1077 485 1128 est
509 1065 720 1164 unipeoitus,
740 1070 775 1129 et
797 1085 936 1130 rursum
954 1059 1110 1147 Spiritus
1133 1083 1174 1128 ex
1191 1061 1268 1148 ipso
1281 1082 1361 1149 pro-

191 1175 313 1243 cedens
337 1179 371 1240 et
396 1173 521 1238 missus
546 1194 612 1237 non
637 1171 746 1239 solum
771 1192 792 1237 e
816 1171 919 1238 Patre
944 1170 1003 1237 sed
1026 1169 1132 1236 etiem
1155 1192 1176 1236 a
1199 1168 1355 1237 Filia...

191 1284 243 1350 Er
260 1306 340 1347 saue
357 1282 520 1348 Dominus
536 1277 710 1345 ostendens
728 1280 828 1345 illum
845 1303 887 1345 coc
901 1283 975 1368 ipso
993 1282 1149 1361 existere,
1167 1280 1361 1369 insufflans
1382 1302 1387 1310 ·

191 1388 371 1476 discipulis
407 1387 522 1454 dixit:
548 1388 697 1475 accipite
734 1386 906 1476 Spiritum
941 1386 1140 1456 sanetum»
1167 1389 1217 1475 (2)
1252 1390 1361 1479 (apud

192 1498 353 1566 Ioannem
367 1494 518 1563 Veceum
530 1494 566 1562 in
578 1494 873 1584 Inscriptionibus
889 1495 933 1562 ed
951 1497 1142 1564 sententies
1160 1494 1223 1565 SS.
1239 1497 1361 1566 Leem·

194 1629 264 1675 mer
300 1603 518 1672 Bibliotheca
553 1604 680 1672 selecta'
704 1603 748 1671 Τ.
763 1604 793 1671 Ι.
812 1629 846 1694 p.
864 1603 941 1671 462.
961 1604 1069 1689 570.).
1095 1605 1195 1673 Nunc
1226 1605 1363 1673 iudices

193 1713 328 1802 appello
353 1712 592 1781 schismaticos
616 1713 710 1802 ipsos
727 1713 884 1780 alumnos
896 1713 1043 1781 Macarii
1060 1713 1100 1781 de
1124 1713 1288 1803 magistri
1306 1713 1363 1781 sni

195 1823 283 1889 bona
308 1822 373 1889 fide
398 1821 502 1889 simul
526 1830 562 1889 et
585 1822 794 1905 eruditione,
814 1821 950 1912 quando
973 1820 1034 1889 ille
1059 1823 1256 1910 praefracte
1271 1823 1362 1890 affir-

194 1953 286 1999 mare
311 1931 436 1998 audet:
458 1930 605 1995 «nullus
627 1931 771 1997 Parrum
795 1930 845 2016 (in
864 1929 999 1998 actione
1016 1928 1210 2018 symbolica
1226 1929 1362 1998 Christi

194 2038 348 2122 Domini)
364 2037 497 2128 reperit
519 2037 765 2107 indicationem
782 2047 942 2108 aeternae
959 2038 1190 2126 processionis
1203 2036 1362 2129 Spiritus

195 2145 366 2215 Sanctia
1261 2175 1263 2180 ¹

258 2253 500 2322 Fundamenta
523 2252 696 2342 dogmatis
721 2253 869 2322 revelati
893 2276 934 2322 ex
959 2253 1047 2344 ipsis
1064 2253 1262 2344 Scripturis
1286 2265 1360 2327 tum

195 2385 255 2452 per
280 2384 314 2429 se
339 2361 488 2449 sumptis
512 2367 587 2429 tum
610 2341 796 2430 seeundum
821 2363 1049 2454 antiquitatis
1074 2364 1291 2435 christianes
1311 2367 1360 2435 in·

196 2470 482 2560 terpretationem
507 2477 628 2537 contra
651 2470 794 2538 technas
817 2470 1008 2538 Photianes
1024 2493 1044 2536 e
1059 2471 1210 2540 Macerio
1236 2475 1361 2543 iterum

196 2580 390 2648 instructas
414 2577 501 2645 satis
525 2576 706 2644 vindicate
736 2598 810 2644 esse
834 2587 930 2665 puto.
955 2578 1192 2648 Nihilominus
1217 2584 1305 2672 quia
1334 2583 1361 2650 is

197 2686 238 2754 de
261 2683 491 2752 monumentis
517 2679 734 2751 Traditioiris
758 2684 897 2772 longam
922 2686 1024 2754 hebet
1041 2687 1232 2754 orat-ionem
1257 2710 1362 2780 quan·

196 2793 329 2862 tumvis
342 2816 384 2860 ne
400 2792 582 2860 subtiliori
599 2792 736 2882 quidem
753 2792 873 2883 eliqua
889 2804 964 2862 arte
981 2801 1176 2876 contextam
1193 2798 1254 2867 sed
1272 2820 1364 2866 oras·

198 2903 248 2972 sis
271 2910 306 2971 et
322 2900 517 2992 perspicuis
541 2900 718 2968 erroribus
741 2902 918 2986 refertam,
936 2901 977 2970 de
992 2901 1049 2970 his
1065 2903 1179 2972 adhuc
1194 2903 1365 2976 dicemus.

269 3134 311 3212 (1)
330 3140 371 3191 De
391 3152 472 3204 opere
491 3136 631 3191 Theodori
650 3137 790 3204 inscripto
810 3137 884 3204 apud
904 3138 1019 3191 Veceum
1041 3156 1055 3184 u
1068 3137 1160 3189 oratio
1174 3134 1339 3201 dogmatica
1355 3156 1373 3186 ι

205 3230 251 3284 vel
273 3248 285 3276 r
307 3227 341 3281 de
360 3229 447 3281 rectis
467 3228 645 3293 dogmatibus
665 3247 679 3275 u
699 3227 765 3281 uide
783 3225 920 3280 Allntium
935 3223 1042 3299 (Migne
1061 3226 1093 3281 Τ.
1108 3224 1180 3278 xc1.
1197 3242 1227 3293 p.
1246 3222 1347 3302 1480.)

273 3315 315 3391 (2)
336 3323 444 3388 [irruptos
468 3339 604 3388 στοματος
623 3318 845 3382 αὐτου,δηλονοτι
864 3337 907 3369 του
926 3325 993 3381 θεον,
1011 3338 1040 3369 το
1056 3335 1159 3387 πνευμα
1179 3336 1207 3366 το
1231 3315 1311 3383 α’γιον
1329 3323 1393 3369 λε’

205 3430 291 3479 paror,
305 3428 441 3479 στοματος
461 3406 534 3468 ὄντος
546 3428 590 3460 του
610 3422 777 3479 μονογενους·
796 3408 842 3462 καὶ
866 3428 970 3478 πνευμα
987 3413 1067 3461 rabir
1089 3405 1118 3472 ἕξ
1134 3405 1216 3459 deson
1231 3402 1401 3472 ἐκπορευο-

203 3520 280 3570 perer
301 3520 343 3551 rar
369 3493 602 3567 ἄποστελλομενον
626 3497 654 3551 ἆυ
671 3518 750 3569 potor
780 3519 855 3569 παρα
883 3514 927 3550 του
946 3517 1044 3567 nospes
1064 3491 1139 3549 ἄλλα
1158 3517 1200 3548 και
1223 3516 1297 3568 παρα
1325 3509 1401 3548 του

203 3588 375 3640 υι“ου...και
397 3606 449 3656 μην
473 3585 486 3638 o‘
507 3607 592 3656 κυριος
613 3585 641 3653 ἐξ
659 3587 740 3640 oieroe
763 3586 936 3648 certioratum
957 3583 1228 3657 ὑπαρχειν,ε’μφυσῶν
1247 3605 1303 3646 τοις
1318 3603 1401 3657 μοι’

204 3674 300 3739 breuis
319 3673 404 3747 ἔλεγε,
424 3670 523 3743 λάβετε
544 3696 648 3746 strenua
668 3698 696 3730 το
717 3677 804 3746 ἅγιον.
