3120 4988
686 267 724 285 -
750 232 815 299 289
842 267 880 283 -

196 345 403 421 ‚essentialis
426 346 596 417 sauctitas
619 351 655 416 et
678 346 811 436 regalis
834 346 994 435 dignitas
1015 368 1037 414 a
1059 347 1165 416 Patre
1196 374 1258 439 per
1279 351 1368 421 Uni-

204 453 361 548 genitum
385 455 423 523 in
446 454 616 544 Spiritum
641 461 821 542 permanat
837 455 1169 542 (communicatur):
1190 458 1248 524 boo
1271 459 1366 526 ηιοᾶο

204 563 322 648 (ὀυτω)
345 567 383 630 et
405 560 615 651 hypostases
650 563 854 646 creduntur,
884 566 920 629 et
943 561 1038 650 pium
1062 563 1189 652 dogma
1212 565 1365 635 unitatis

203 668 267 737 Dei
290 671 366 754 (της
390 673 591 764 μοναρχιας)
615 691 683 738 non
706 669 956 738 labefactatur.
988 695 1005 733 o
1033 668 1088 739 Ex
1113 670 1178 741 hac
1207 673 1367 746 doctriua

201 779 345 865 putares
379 776 474 847 siout
490 818 494 823 -
509 777 682 846 unitatem
712 776 885 846 essentiae
916 776 953 845 in
984 777 1164 848 distinctis
1197 784 1365 871 personis,

201 881 254 951 ita
270 881 376 951 huius
394 883 670 969 fundamentum,
696 883 1038 955 communicationem
1052 908 1172 975 nempe
1196 891 1367 962 essentiae

194 1015 224 1074 *a
240 991 349 1058 Putre
357 1016 423 1080 per·
441 992 665 1081 Unigenitum
682 994 720 1058 in
733 992 905 1082 Spiritum
919 995 1094 1077 Sanctum,
1111 995 1155 1064 ad
1172 998 1312 1066 eandam
1325 1001 1365 1068 fi-

203 1097 278 1166 dem
296 1099 488 1187 pertinere;
506 1107 546 1168 at
558 1100 742 1171 dialectica
754 1100 949 1168 Bonnensis
963 1101 1178 1172 contrarium
1191 1108 1369 1177 concludit

202 1206 266 1276 hoo
283 1207 393 1277 modo:
415 1232 526 1298 carpo
539 1208 738 1279 essentialis
764 1209 882 1277 unitas
897 1208 935 1277 in
951 1208 1130 1279 Trinitate
1143 1234 1367 1302 personarum

202 1314 306 1383 etiam
324 1337 427 1406 penes
451 1315 626 1384 Basiliam
650 1321 705 1385 est
719 1316 916 1384 necessario
931 1316 1081 1385 tenenda
1095 1318 1268 1406 doctriua,
1286 1344 1368 1412 apo-

202 1421 327 1490 stolica
349 1428 386 1492 ct
409 1423 583 1493 catholica
599 1424 696 1495 fides.
716 1424 833 1494 Huius
856 1424 937 1493 fidei
961 1424 1110 1494 ulterior
1126 1427 1313 1515 explicatio
1330 1437 1366 1499 ct

202 1528 356 1598 defensio
380 1538 514 1619 spectat
538 1531 582 1600 ad
606 1532 838 1622 theologicam
870 1531 1143 1622 speculationem
1160 1566 1176 1599 n
1201 1541 1251 1625 (p.
1278 1537 1363 1627 37.).

267 1637 494 1721 Simillimam
520 1638 605 1708 huic
639 1638 877 1734 deductionem
908 1641 1115 1710 «Professor
1141 1642 1364 1733 theologiae„

199 1744 298 1814 nobis
332 1745 496 1837 propinat
532 1746 569 1814 iu
594 1747 755 1814 doctrina
788 1746 920 1837 cyrilli
941 1747 1270 1840 Hierosolymitani.
1298 1753 1367 1822 Eo·

200 1854 274 1925 dem
299 1853 409 1937 modo,
436 1877 504 1946 quo
530 1853 751 1924 Athanasius
778 1855 881 1940 dixit,
922 1856 1113 1944 “Spiritus
1140 1859 1254 1926 omnia
1279 1883 1367 1951 quae

201 1965 318 2049 habet,
337 1963 486 2033 aVerbo
509 1964 642 2033 habet»
668 1965 765 2051 (vide
789 1966 908 2034 Traot.
927 1965 969 2033 de
994 1966 1093 2037 Trin.
1112 1967 1163 2036 th.
1183 1969 1361 2058 XXXV.).

201 2083 238 2146 et
261 2098 328 2169 quo
358 2075 531 2160 Basilica
552 2074 747 2164 Gregorius
780 2071 1025 2143 Nazianzenus
1055 2073 1187 2166 aliique
1223 2098 1280 2144 aa
1303 2077 1367 2144 Pa·

201 2191 255 2252 tre
289 2204 351 2274 per
386 2181 617 2272 Unigenitum
652 2181 689 2250 in
723 2179 894 2269 Spiritum
928 2181 1176 2271 perfectionem
1208 2183 1365 2254 divinam

199 2312 425 2381 permanare»
444 2290 650 2373 docuerunt,
668 2286 775 2356 etiam
791 2287 952 2378 (lyrillus
975 2288 1012 2356 iu
1035 2289 1276 2359 catechesibus
1297 2315 1366 2360 non

199 2421 267 2467 uno
290 2399 364 2468 loco
388 2398 513 2486 dogma
536 2395 747 2465 declaravit.
780 2395 893 2478 Quam
930 2395 1066 2486 quidem
1096 2397 1366 2469 declarationem

198 2506 505 2600 penesCyrillum
541 2505 662 2576 haberi
697 2506 842 2596 Langen
868 2506 963 2575 ultro
986 2507 1144 2595 fatetur;
1170 2509 1230 2578 sad
1261 2509 1368 2579 simul

197 2619 367 2703 affirmat,
400 2643 416 2676 n
442 2615 549 2684 solam
584 2613 870 2704 personalitatem
893 2600 929 2683 et
953 2614 1176 2685 divinitatem
1210 2617 1366 2706 Spiritus

198 2727 365 2795 Sanctia
393 2724 532 2814 Cyrillo
559 2722 716 2791 habitam
744 2722 854 2792 fuisse
880 2723 1044 2790 obiectum
1072 2723 1172 2813 fidei.
1201 2756 1217 2790 n
1249 2725 1366 2795 Verba

197 2835 326 2924 Cyrilli
351 2833 508 2920 (Catach.
526 2831 625 2900 XVI.
644 2853 680 2897 n.
698 2830 773 2916 24.)
796 2830 881 2899 haec
915 2838 1012 2901 suut.
1048 2862 1063 2897 u
1092 2834 1199 2901 Pater
1226 2833 1364 2926 quidam

198 2945 258 3012 dut
274 2935 419 3033 (διδωσι)
435 2944 544 3025 Filio,
563 2957 595 3009 ct
611 2941 727 3010 Filius
743 2942 966 3008 communicat
981 2931 1219 3030 (μεταδιδωσι)
1236 2945 1359 3012 Sancto

196 3056 363 3141 Spiritui.
380 3053 460 3142 Ipse
482 3051 572 3119 enim
597 3049 696 3118 Iesus
712 3055 778 3133 est,
796 3071 864 3117 non
880 3069 956 3137 ego,
976 3048 1035 3140 qui
1062 3048 1128 3117 ait:
1146 3051 1260 3119 omnia
1276 3053 1362 3121 mihi

197 3161 331 3229 tradita
348 3166 433 3228 eunt
448 3161 586 3228 aPatre
608 3179 682 3227 meo
698 3155 839 3243 (Matth.
857 3155 922 3223 XI.
940 3156 1025 3243 27.);
1041 3161 1077 3225 et
1090 3156 1131 3225 de
1144 3158 1270 3227 Sancto
1287 3160 1364 3250 Spi-

196 3267 269 3334 ritu
293 3266 423 3336 dicit...
443 3267 529 3358 quio
552 3262 593 3330 de
615 3287 684 3329 meo
708 3264 836 3350 occipit
854 3263 1051 3353 (λαμβανει)
1076 3268 1112 3333 et
1135 3267 1363 3335 annuntiabit

196 3376 430 3469 (ἀναγγελέι)
455 3373 566 3442 vobis.
597 3373 703 3441 Pater
737 3393 799 3462 per
829 3369 962 3439 Filium
997 3371 1036 3439 iu
1059 3370 1197 3461 Spiritu
1234 3373 1362 3445 Sancto

196 3482 311 3550 omnia
334 3481 441 3550 donat
465 3485 550 3568 (una
565 3481 609 3550 ad
633 3487 734 3548 extra
751 3479 918 3568 operatio,
938 3477 998 3546 sed
1021 3501 1062 3547 ex
1079 3480 1185 3548 dictis
1213 3481 1361 3550 aPatre

193 3589 299 3673 Filio,
318 3595 355 3657 et
378 3612 438 3678 per
460 3588 593 3656 Filium
614 3587 769 3677 Spiritui
792 3588 919 3656 Sancto
935 3588 1243 3674 communicata)...
1262 3591 1362 3660 Unus

195 3698 301 3780 Dens,
320 3698 436 3783 Pater;
457 3718 549 3765 unus
571 3696 751 3778 Dominus,
770 3695 977 3784 unigenitus
999 3697 1076 3764 eius
1097 3696 1239 3784 Filius3
1268 3721 1360 3766 unus

196 3807 352 3896 Spiritus
375 3805 537 3888 Sanctus,
556 3803 773 3870 Paracletus.
791 3804 909 3894 Atque
928 3804 998 3871 ista
1014 3808 1144 3891 (ταυτα
1163 3805 1260 3873 modo
1275 3829 1359 3875 enu-

195 3916 340 3999 merata)
365 3912 509 3980 scivisse
531 3910 632 3978 nobis
667 3909 843 3979 sufficiens
866 3911 933 3998 sit;
963 3917 1126 3979 naturam
1157 3920 1273 3981 autem
1297 3937 1358 3984 seu

193 4021 425 4090 substantiam
450 4026 568 4110 (φυσιν
594 4019 614 4095 ἠ
641 4019 855 4104 innocuam)
879 4040 921 4086 ne
945 4019 1080 4087 curiose
1111 4021 1293 4090 scruteris.
1320 4021 1358 4091 Si

194 4131 283 4200 enim
307 4129 478 4219 scriptum
501 4135 604 4211 esset,
635 4126 851 4214 diceremus;
880 4127 970 4218 quod
994 4127 1163 4219 scriptum
1187 4153 1254 4198 non
1291 4136 1355 4215 est,

193 4261 261 4306 non
285 4238 485 4306 audeamus.
505 4235 644 4304 Sufficit
665 4232 764 4301 nobis
787 4234 831 4302 ad
863 4234 1011 4303 salutem
1035 4258 1159 4322 nosse,
1189 4238 1281 4330 quod
1303 4242 1358 4306 est

194 4350 310 4432 Pater,
328 4350 365 4417 et
386 4344 516 4430 Filius,
534 4348 571 4412 et
595 4340 753 4433 Spiritus
776 4341 974 4412 Sanctus.»

257 4485 419 4544 Faunum,
436 4485 473 4533 Da
488 4492 599 4543 procoss.
616 4479 727 4543 Spiritus
744 4479 840 4529 saucit
1235 4480 1265 4529 10
