3120 4988
675 231 719 246 -
734 199 798 263 277
815 232 859 245 -

191 308 237 376 lio
258 309 310 378 H.
335 311 506 400 agnoscit,
524 311 733 380 sententiam
757 311 799 380 de
822 311 1040 401 processione
1061 310 1217 401 Spiritus
1234 311 1356 380 Sancti

191 437 210 482 a
231 419 339 487 Patre
363 441 424 508 per
446 419 578 488 Filium
605 420 743 488 ciuisse
758 419 796 487 in
811 419 989 508 theologia
1005 418 1105 486 illius
1121 419 1250 487 aetatis
1267 424 1354 506 (sae-

190 526 259 595 culi
283 527 366 614 IV.)
388 529 629 613 universalem,
647 551 755 621 quam
773 530 847 597 sins
871 528 977 597 dubio
1000 528 1106 597 etiam
1129 527 1254 596 Patres
1269 530 1356 598 Con·

190 634 265 703 ciiii
288 637 502 706 fovebant.»
529 638 628 720 Quod
653 658 734 706 vero
758 659 832 705 eam
855 638 892 705 in
916 637 1074 728 symbolo
1097 660 1165 704 uon
1181 659 1355 725 expresse·

187 743 273 828 rint,
300 744 471 813 rationem
493 746 609 814 adfert
631 767 700 814 non
723 746 792 814 iam
818 746 908 836 quod
931 767 1006 814 eam
1030 745 1232 814 censuerint
1254 745 1354 817 add·

189 849 263 919 dem
287 851 384 919 haud
406 853 592 941 pertiners;
622 853 716 922 used
740 853 823 944 quia
845 853 1007 922 doctrina
1028 855 1070 921 ds
1093 852 1311 943 processione
1333 874 1356 919 a
1394 861 1397 865 ’

187 957 294 1028 Patre
312 960 482 1028 adversus
498 959 764 1030 Macedonianos
778 961 975 1030 sufficiebat
992 988 1008 1021 r
1029 962 1092 1050 (1).
1108 961 1251 1030 Dicitur
1267 960 1358 1029 idem

186 1066 313 1157 dogma
332 1069 400 1138 ain
424 1070 557 1138 oriente
582 1069 760 1136 dominans
777 1070 952 1137 tradition
971 1071 1034 1158 (2);
1055 1070 1248 1139 adsctrina
1265 1069 1357 1160 apud

184 1173 341 1245 Graecos
364 1178 604 1244 scismatis»
629 1177 702 1265 (3);
732 1177 963 1267 atheologioa
987 1199 1113 1267 graeca
1142 1177 1290 1246 traditio
1312 1177 1357 1243 ab

180 1286 421 1356 orientalibus
442 1287 622 1358 Ecclesiae
645 1288 847 1356 doctoribus
882 1292 1078 1378 propagata
1093 1311 1135 1375 ς»
1163 1285 1360 1355 «doctrina

175 1396 427 1466 traditionalis
443 1396 700 1485 orientalium»
718 1399 898 1486 apositisa
916 1396 1108 1480 moditia»
1128 1419 1216 1488 quae
1232 1395 1358 1464 distin·

176 1505 317 1601 guitur
341 1529 361 1573 a
387 1505 654 1595 «speculatione
678 1505 888 1594 theologiam
905 1532 921 1568 r
943 1528 1084 1596 susque
1100 1505 1144 1574 ad
1160 1503 1266 1573 initia
1282 1525 1356 1571 sae·

176 1613 261 1683 culi
285 1613 335 1683 V.
359 1614 471 1706 quoad
495 1612 728 1683 substantiam
753 1615 927 1682 unanimis
951 1613 1141 1682 doctrinan
1161 1613 1222 1701 (4).
1246 1612 1355 1700 Spiri-

177 1729 265 1790 tum
291 1719 458 1789 Sanotum
482 1742 556 1790 esse
580 1743 620 1790 ac
644 1720 715 1790 dici
743 1720 916 1812 Spiritum
938 1721 1033 1789 Filii
1056 1743 1122 1789 non
1159 1719 1269 1789 solum
1305 1743 1361 1786 ra-

178 1828 285 1898 tione
309 1829 537 1918 temporariae
573 1828 749 1897 missionis
772 1851 793 1897 a
815 1829 930 1913 Filio,
957 1831 1017 1898 sed
1042 1834 1218 1918 aproptsr
1241 1828 1362 1894 imma-

179 1943 327 2006 nentem
343 1936 562 2005 essentialem
584 1936 787 2005 relationem
817 1936 861 2004 ad
876 1936 1056 2021 Filium»
1089 1944 1168 2005 erat
1195 1935 1357 2003 doctrina

172 2054 207 2111 'a
226 2069 414 2136 numquam
448 2046 487 2110 s'rt
510 2044 650 2111 datiam
680 2058 799 2113 secata
834 2047 940 2112 totius
970 2047 1093 2112 veteris
1123 2043 1302 2112 Ecclesiae
1325 2055 1357 2108 et

189 2154 344 2221 ameriam
367 2154 543 2222 Petrossa
569 2154 633 2241 (5).

190 2357 345 2412 Professor
368 2357 481 2425 quidem
500 2357 611 2411 tribuet
636 2355 814 2424 Epiphanio,
838 2355 886 2424 qui
910 2356 1016 2410 librum
1034 2354 1170 2410 Ancorati
1189 2354 1308 2422 scripsit
1326 2354 1361 2408 ad

191 2449 267 2501 hanc
285 2448 378 2516 ipsam
397 2447 538 2501 haeresim
556 2446 785 2515 expugnandam.
806 2447 826 2512 ε)
845 2447 983 2514 Alioquin
999 2446 1129 2500 doctrina
1147 2445 1304 2514 Epiphanii
1325 2445 1358 2498 de

191 2538 376 2604 processione
395 2555 413 2589 a
424 2538 510 2589 Patre
523 2537 658 2604 Filioque
675 2537 779 2604 ubique
794 2539 872 2591 alara
884 2543 929 2591 sat
942 2552 975 2590 sc
987 2536 1107 2591 evidens
1122 2533 1200 2608 (vids
1214 2537 1310 2589 'l'ract
1325 2532 1358 2586 ds
1379 2558 1383 2564 ²

192 2628 275 2684 irin.
290 2628 343 2682 Th.
358 2625 498 2698 XXXV.).
992 2618 994 2623 ’

262 2713 306 2788 (1)
326 2716 401 2770 Ibid.
420 2734 449 2784 p.
465 2717 510 2770 61.

215 2789 224 2797 ’
262 2803 307 2877 (2)
325 2805 401 2858 Ibid.
420 2823 449 2874 p.
465 2806 526 2860 105.
546 2807 598 2860 Dis
616 2806 647 2860 in
661 2806 762 2861 Orient
779 2805 969 2861 hernschends
988 2806 1233 2872 Usberlisisrung.

264 2893 308 2968 (3)
327 2896 404 2949 Ibid.
423 2914 450 2964 p.
467 2896 528 2949 125.

262 2984 307 3058 (4)
326 2985 401 3039 Ibid.
421 3003 449 3053 p.
466 2986 509 3038 63.
526 2985 571 3040 64.
592 2985 670 3051 Quod
684 2989 780 3040 auctor
798 2986 863 3040 heia
874 2986 1000 3040 intrudit
1012 3001 1091 3046 suam
1105 2985 1254 3049 fictionem,
1277 2981 1362 3048 quasi

194 3074 374 3142 Augustinus
396 3094 408 3122 a
424 3075 609 3129 traditionem
630 3077 664 3129 ds
683 3076 863 3144 processione
882 3095 899 3127 a
913 3077 998 3128 Patre
1012 3093 1064 3141 per
1076 3076 1199 3138 Filiam,
1216 3094 1229 3121 n
1250 3075 1282 3124 ut
1301 3072 1360 3137 ait,

197 3166 411 3234 «aliquatenus
430 3170 569 3219 mutasset
586 3181 637 3233 per
653 3168 874 3233 speculationem
893 3165 927 3218 de
945 3168 1126 3234 processione
1142 3183 1162 3232 a
1176 3165 1261 3214 Patre
1275 3172 1301 3214 et
1314 3163 1365 3214 Fi-

196 3257 252 3323 lio,·
266 3277 278 3305 n
293 3259 353 3310 iam
366 3257 506 3324 novimus,
527 3257 607 3310 cuius
619 3257 709 3324 pretii
728 3258 769 3310 sit
787 3258 855 3311 haec
869 3257 1033 3312 differentia
1051 3258 1128 3310 inter
1143 3257 1288 3320 utramque
1307 3252 1364 3305 ior·

196 3349 311 3402 mulam.
341 3347 422 3401 Sicut
446 3346 497 3400 hoc
516 3347 576 3400 loeo
595 3349 716 3412 »Langen
736 3346 808 3400 dicit
828 3347 986 3401 doctrinam
1012 3362 1100 3415 usque
1119 3345 1154 3398 ad
1173 3344 1363 3408 angustinum
1470 3376 1472 3379 -

196 3437 287 3492 luisse
307 3435 402 3504 quoad
419 3438 602 3489 substantiam
621 3437 798 3504 acuatum,-
817 3437 860 3490 ita
880 3439 965 3504 paulo
978 3441 1044 3507 post
1062 3454 1090 3504 p.
1106 3435 1166 3488 126.
1184 3435 1305 3501 ipsemet
1323 3433 1366 3485 ia·

196 3530 284 3595 tetur,
301 3528 382 3580 inter
394 3525 553 3581 doctrinam
565 3528 803 3593 Augustinimam
818 3524 849 3603 (a
862 3529 946 3582 Patre
957 3520 1103 3600 Filioque)
1116 3530 1144 3579 et
1156 3527 1270 3578 Patrum
1284 3541 1364 3591 gras·

193 3632 292 3672 sorum
305 3614 392 3688 (παρα
412 3637 456 3670 του
471 3638 569 3688 ratpot
584 3623 626 3670 δια
642 3639 686 3672 του
703 3617 772 3690 iasa)
789 3638 801 3666 a
816 3634 875 3670 asts
891 3636 943 3670 esse
956 3617 1126 3670 essentialem
1141 3616 1335 3682 differentiam.
1351 3636 1364 3663 n

267 3703 308 3780 (ὃ)
326 3706 401 3762 Ibid.
422 3723 451 3774 p.
468 3708 529 3760 110.
552 3709 631 3761 «Die
651 3710 771 3762 niemals
792 3709 969 3762 bezweifslte
987 3709 1079 3764 Lehre
1094 3707 1144 3759 der
1157 3720 1265 3771 gannen
1286 3708 1366 3759 sltsn

193 3798 304 3852 Kirche
319 3796 378 3848 und
392 3798 464 3848 aller
477 3798 592 3849 Vester.
607 3819 620 3846 n
641 3799 781 3864 Agnoscit
799 3799 890 3863 igitur
902 3800 1028 3864 Langen,
1049 3799 1080 3848 in
1094 3797 1192 3849 verbis
1204 3796 1367 3861 Scripturas

193 3887 245 3942 ubi
265 3885 373 3939 dicitur
391 3885 516 3952 Spiritus
527 3887 609 3952 Filii,
626 3888 779 3955 contineri,
801 3891 831 3939 st
845 3887 880 3940 ab
893 3887 1030 3939 universa
1044 3885 1171 3951 Ecclesia
1187 3898 1296 3950 semper
1309 3900 1366 3938 cre-

194 3977 289 4031 ditam
308 3977 397 4029 inisse
426 3976 655 4030 «immanentem
674 3977 857 4042 essentialem
875 3976 1040 4028 relationem
1060 3975 1187 4041 Spiritus
1206 3974 1304 4027 Sancti
1331 3974 1367 4027 ad

193 4069 305 4122 Filium
320 4087 333 4114 n
355 4067 539 4133 (immanente
554 4067 816 4134 Wessasieaietaap
837 4067 886 4119 des
901 4068 930 4140 li.
946 4065 1059 4120 Geistcs
1075 4081 1138 4117 zum
1152 4061 1272 4136 Schne);
1295 4080 1367 4131 quas

196 4175 267 4217 sane
285 4157 390 4210 relatio
409 4157 561 4209 immanens
579 4159 658 4211 inter
670 4174 806 4226 personas
827 4158 942 4211 divinas
962 4172 1013 4209 neo
1027 4161 1071 4209 est
1085 4170 1136 4209 nec
1149 4155 1259 4223 concipi
1274 4159 1370 4222 potest

197 4251 258 4306 nisi
283 4247 388 4300 relatio
409 4247 541 4314 eripiatis.
570 4249 711 4313 Quomodo
739 4265 804 4315 ergo
831 4248 978 4302 Professor
1006 4246 1081 4299 idem
1105 4249 1237 4314 superius
1257 4265 1283 4313 p.
1298 4247 1326 4298 4.
1340 4245 1366 4299 Β.

199 4343 229 4397 et
244 4339 372 4396 interius
391 4355 420 4409 p·
437 4339 498 4395 lio.
519 4355 649 4394 asserere
668 4341 785 4411 potuit,
810 4340 887 4395 nihil
907 4339 940 4394 ds
959 4338 1085 4409 Spiritus
1104 4337 1205 4394 Sancti
1227 4337 1368 4392 relations
