3120 4988
713 111 750 124 -
771 78 830 143 iii
851 116 889 131 -

218 196 356 282 praeter
380 189 565 256 relationes
588 187 751 275 oripiuis.
771 187 962 261 Distinetio
979 192 1146 262 nimirum
1162 193 1269 263 realis
1286 193 1382 265 unice

219 301 354 368 obtinet
378 299 442 365 sub
466 297 530 364 hac
555 297 694 365 formali
718 300 865 384 ratione,
893 309 1065 392 quatenus
1088 307 1143 370 est
1165 303 1273 371 Pater
1299 304 1385 373 Filii

220 408 256 476 h.
276 431 306 477 e.
336 408 441 474 Pater
466 413 606 472 aeterna
629 407 798 476 relatione
829 431 1001 497 generans
1023 411 1181 496 Filium,
1213 424 1250 481 et
1273 416 1387 481 Filius

220 517 337 586 Patris
362 517 398 584 h.
418 539 446 582 e.
473 521 618 582 aeterna
640 514 809 584 relatione
834 517 976 606 genitus
995 543 1055 587 seu
1072 523 1295 609 generatione
1312 545 1387 611 pro·

222 624 344 693 cedens
368 645 388 688 a
412 623 530 705 Patre,
550 630 585 689 et
608 623 763 710 Spiritus
787 646 951 712 personae
976 626 1123 694 alterius
1147 628 1183 697 h.
1204 651 1233 697 e.
1250 635 1392 698 aeterna
1501 657 1553 702 A

221 732 390 801 relatione
426 730 582 821 spiratus
619 753 680 798 seu
716 730 908 820 spiratione
943 736 1130 823 procedens
1153 738 1198 806 ab
1221 737 1296 804 alia
1319 760 1395 828 per·
1487 773 1552 800 -·

222 862 317 909 sona.

288 949 382 1018 Istae
406 970 474 1015 non
498 954 582 1015 sunt
598 946 853 1034 speculationes
867 947 1011 1016 humani
1029 951 1165 1040 ingenii
1181 952 1241 1020 sed
1259 954 1396 1022 omnino
1481 988 1553 1036 ο1

222 1057 392 1129 veritates
417 1057 595 1125 revelatae
618 1055 655 1122 in
680 1055 840 1144 dogmate
877 1055 1071 1126 christiano
1098 1062 1249 1126 unitatis
1272 1061 1341 1128 Dei
1362 1069 1396 1131 et
1473 1078 1556 1146 &e

223 1165 461 1232 distinotionis
487 1164 591 1227 trium
609 1185 845 1249 personarum.
863 1162 915 1230 Eo
939 1164 1031 1231 enim
1056 1165 1131 1255 ipso
1156 1168 1247 1257 quod
1275 1168 1342 1238 fide
1365 1176 1398 1238 el
1459 1185 1554 1251 &e

224 1273 361 1342 ratione
385 1277 525 1339 constat
547 1296 651 1335 uuum
674 1295 742 1337 ease
764 1271 872 1337 Deum
889 1276 1026 1339 unitate
1041 1276 1309 1364 siupuluritatis
1323 1301 1394 1364 seu,
1465 1336 1490 1371 ε
1507 1314 1550 1359 11

225 1390 267 1450 ut
290 1404 355 1449 usu
380 1379 485 1470 paulo
508 1380 695 1447 recentiori
719 1379 865 1464 dicitur,
892 1383 1028 1448 nouitate
1050 1387 1239 1466 numerica,
1265 1387 1396 1476 pariter
1448 1417 1559 1468 :aa

225 1494 363 1558 constat
386 1509 501 1555 omnes
526 1488 755 1576 perfectiones
779 1488 959 1556 absolutas
977 1512 1065 1581 quas
1088 1491 1125 1559 in
1143 1493 1213 1560 Deo
1228 1515 1307 1561 esse
1322 1517 1396 1563 con·
1440 1537 1483 1550 -
1492 1527 1553 1570 ῃ.

225 1597 375 1688 cipimus
398 1601 433 1664 et
457 1595 591 1663 ratione
616 1594 882 1683 distinguimus,
898 1619 971 1666 esse
994 1623 1098 1663 uuum
1121 1599 1197 1667 sine
1220 1600 1312 1668 reali
1329 1601 1396 1670 dis·
1432 1631 1548 1676 -3

225 1705 408 1788 tinctione,
436 1726 477 1772 ac
499 1704 645 1793 proinde
669 1705 809 1771 nomina
827 1706 953 1795 quibus
968 1707 1150 1776 absolutae
1168 1709 1397 1798 perfectiones
1421 1734 1545 1784 ees

226 1812 484 1903 exprimuntur,
503 1834 571 1878 non
594 1833 693 1901 posse
717 1811 874 1900 intelligi
890 1814 991 1882 velut
1007 1815 1252 1903 significantia
1272 1817 1542 1891 realemnnn

226 1921 508 2009 distinctionem,
535 1920 620 2012 quin
645 1920 708 1988 hoc
732 1921 806 2008 ipso
831 1922 951 1990 unitas
974 1923 1040 1992 Dei
1064 1934 1228 2013 negetur.
1254 1929 1294 1997 Si
1318 1951 1540 2018 arguo-go

227 2033 458 2104 nihilominus
474 2032 511 2098 in
528 2033 600 2099 Deo
617 2042 700 2099 sunt
717 2052 883 2120 personae
900 2032 1020 2121 plures
1036 2034 1182 2103 realiter
1198 2036 1439 2123 distinctae„
1454 2060 1535 2122 a,

230 2142 321 2234 quod
346 2141 420 2210 sola
454 2138 670 2208 revelatione
707 2145 844 2207 constat
867 2146 902 2208 et
926 2141 992 2208 fide
1018 2140 1204 2235 credimus,
1224 2145 1309 2214 haec
1334 2148 1435 2216 dis-
1449 2170 1536 2213 a·

229 2251 357 2319 tinctio
381 2273 450 2316 non
473 2255 527 2317 est
544 2270 605 2337 per
622 2248 853 2336 perfectiones
869 2248 1061 2334 absolutas,
1081 2251 1141 2319 sed
1162 2257 1459 2324 tantummodo
1467 2253 1536 2321 lo

230 2383 292 2450 per
316 2358 505 2427 relationes
528 2357 624 2425 inter
647 2379 825 2446 personas;
852 2381 1017 2446 personae
1033 2382 1117 2447 ergo
1132 2362 1170 2427 in
1186 2362 1259 2430 Deo
1276 2363 1537 2433 distin-nl·

230 2473 391 2557 guuntur
414 2472 449 2533 ct
474 2465 740 2533 constituuntur
771 2466 1004 2535 relationibus
1029 2468 1135 2534 unius
1161 2470 1204 2538 ad
1227 2471 1424 2558 alteram,
1489 2493 1535 2546 Α,

233 2583 387 2665 suntque
418 2577 532 2660 (secus
556 2594 597 2642 ac
622 2573 658 2639 in
691 2574 819 2642 creatis
851 2575 998 2658 obtinet)
1023 2598 1192 2663 personae
1221 2581 1541 2650 relationes*

233 2682 383 2752 Proinde
414 2680 556 2748 nomina
587 2680 731 2770 propria
767 2681 895 2770 quibus
930 2704 1095 2770 personae
1131 2685 1397 2774 significantur.
1459 2698 1548 2756 qr,

233 2797 406 2884 quatenus
442 2794 526 2857 sunt
560 2789 703 2857 realiter
736 2790 946 2875 distinctae,
985 2791 1188 2879 exprimunt
1219 2796 1554 2867 relationem&

234 2922 459 2991 personarum
485 2921 546 2966 seu
569 2919 733 2987 personas
757 2898 953 2966 formaliter
970 2908 1010 2967 ut
1026 2901 1210 2971 relativas.
1226 2896 1498 2999 Quidquirbi
1509 2889 1551 2957 fi

237 3011 328 3082 enim
353 3008 550 3079 absolutum
572 3007 705 3075 dicitur
729 3006 770 3073 de
794 3029 864 3073 una
886 3030 1044 3096 persona,
1062 3033 1207 3098 prorsus
1230 3024 1510 3084 communen¹
1522 3020 1559 3064 Β

205 3203 208 3210 Ι
235 3127 289 3188 eat
312 3124 348 3187 et
380 3141 485 3185 unum
522 3115 767 3184 indistinctum
800 3116 951 3184 omnium
986 3139 1233 3208 personarum
1269 3124 1560 3201 nomiman-fij

236 3226 351 3314 igitur
376 3247 463 3316 quae
487 3223 645 3292 revelata
669 3230 754 3291 sunt
777 3227 975 3313 utpropria
998 3226 1060 3292 uni
1084 3247 1249 3314 personae
1266 3212 1497 3322 eamqu'o'u
1504 3232 1556 3305 1¹¹

234 3333 494 3423 distinguentia
525 3333 568 3400 ab
591 3331 674 3400 aliis
688 3331 857 3419 personis,
877 3332 1056 3401 continent
1085 3335 1339 3405 revelationem
1356 3343 1560 3404 res‘v'

236 3444 381 3509 lationis
405 3440 512 3508 huius
536 3461 701 3528 personae
725 3439 768 3506 ad
792 3439 911 3506 aliam.

301 3549 401 3618 Sicut
424 3569 507 3635 ergo
532 3547 613 3640 dnm
638 3545 772 3614 dicitnr
798 3547 888 3612 Deus
905 3545 1064 3614 Poterat
1079 3548 1171 3613 Deua
1189 3550 1319 3634 Filius,
1337 3557 1560 3620 crefi'ssl'*

236 3658 350 3726 dimus
382 3656 578 3724 revelatum
612 3677 720 3722 unum
744 3654 855 3722 Deum
879 3653 1016 3723 unitate
1047 3657 1199 3726 omnium
1224 3644 1556 3748 perfectioni·

235 3790 318 3834 num
342 3766 593 3848 absolutarum,
620 3764 672 3832 ita
687 3765 804 3832 tame'n
820 3769 863 3832 ut
877 3764 981 3831 Pater
997 3765 1062 3831 sub
1080 3765 1222 3834 formali
1237 3768 1444 3837 relation
1452 3779 1560 3828 0111

235 3875 279 3943 ad
302 3874 447 3959 Filium,
465 3879 501 3942 et
523 3873 640 3941 Filius
664 3874 728 3942 sub
752 3872 892 3940 formali
906 3871 1086 3941 'relatione
1109 3873 1154 3941 ad
1170 3876 1311 3944 Patrem
1334 3869 1557 3944 simiaint

236 3984 325 4052 duae
348 3983 492 4050 realiter
515 3982 702 4050 distinctae
719 3979 897 4070 personae:
916 3981 1032 4049 eodem
1050 4005 1194 4071 prorsus
1211 3984 1469 4053 nodedun
1492 4003 1543 4048 nm

236 4090 416 4158 revelatur
439 4091 530 4157 Deua
554 4091 712 4178 Spiritus
735 4091 894 4172 Sanctus,
912 4089 973 4182 qui
998 4112 1059 4178 per
1082 4113 1204 4159 nomen
1228 4091 1446 4183 propriu
1463 4115 1528 4160 um

234 4199 390 4287 Spiritus
414 4195 653 4286 distinguitur
678 4202 720 4267 ut
744 4220 891 4287 persona
914 4220 935 4265 a
959 4198 1065 4268 Patre
1092 4203 1128 4268 et
1150 4198 1258 4287 Filia,
1272 4195 1518 4273 reverente-
