3120 4988
707 250 741 265 -
763 215 801 278 72
822 249 859 262 ..

204 329 259 411 (ut
281 324 333 399 ait
356 324 394 392 in
416 325 633 413 praefatione
655 325 699 393 ad
722 324 883 394 Carolum
907 323 1066 399 versibus
1091 323 1237 414 scripte)
1257 352 1273 388 ιι
1297 324 1367 391 hoo

204 432 300 507 canit
322 432 497 502 unanimis
521 455 588 501 vox
612 431 669 522 pia
692 455 790 501 sacra
813 433 970 501 Petrum.
997 458 1014 494 ι
1043 431 1141 500 Inter
1164 430 1367 504 testimonia

202 541 393 614 Athanasii
417 546 518 632 (quae
541 546 692 610 ceterum
717 549 797 610 sunt
821 566 861 610 ex
885 540 988 609 libris
1022 540 1152 630 Vigilii
1177 539 1366 628 Tapsensis

204 647 245 714 de
280 647 409 735 Tria).
433 648 555 722 ultimo
578 648 653 716 loco
677 649 720 717 ad
755 649 1023 722 confirmandum
1051 677 1066 712 ι
1092 648 1181 740 quod
1205 647 1366 736 Spiritus

204 755 355 824 Sanctus
379 757 542 854 procedat
564 757 704 824 aPatre
728 763 765 825 et
786 757 891 842 Filio,
913 785 928 820 ι
948 758 1076 826 recitat
1091 763 1203 825 totum
1228 764 1367 823 contex-

202 870 278 931 tum
302 888 342 932 ex
368 866 548 954 symbolo,
578 874 618 934 ut
641 889 733 934 nuno
756 889 833 934 eum
856 866 1034 938 habemus.
1064 866 1151 955 Opp.
1181 863 1365 932 Sirmnndi

203 973 243 1043 Τ.
263 974 312 1041 ΙΙ.
332 997 368 1063 p.
386 974 463 1041 702.
483 975 552 1061 (ed.
569 974 693 1043 Venet.
712 975 826 1061 1728).

270 1086 435 1174 Tempore
458 1083 575 1151 Phot‘
534 1094 577 1151 tn
600 1083 734 1167 deinde,
753 1084 813 1173 qui
837 1082 935 1164 iussu
960 1107 988 1151 s.
1006 1082 1145 1150 Nicolai
1168 1081 1199 1153 Ι.
1217 1080 1366 1153 Romani

201 1191 381 1263 Pontifieis
406 1192 555 1280 primum
579 1199 658 1260 cont
660 1213 700 1257 ra
643 1191 824 1260 tillius
858 1191 1028 1259 haeresim
1053 1191 1296 1278 scripserunt,
1320 1189 1366 1261 ad

201 1301 344 1368 eundem
367 1292 480 1367 locum
504 1299 652 1388 symboli
670 1298 849 1388 appellant
872 1321 1016 1388 eumque
1036 1297 1214 1386 integrum
1237 1297 1366 1369 exsari-

201 1409 299 1480 bunt.
319 1409 531 1477 Retramnus
549 1408 657 1496 primo
679 1407 752 1475 loco
768 1407 860 1475 inter
884 1406 967 1475 test‘
957 1407 1085 1475 rmonia
1101 1409 1243 1478 Petrum
1267 1405 1366 1474 istud

200 1515 315 1605 ipsum
339 1515 447 1605 ponit.
472 1545 488 1585 ι
504 1515 822 1586 Athanasrus...1n
838 1514 957 1583 libello
974 1514 1014 1582 de
1031 1514 1097 1582 fide
1114 1535 1213 1604 quem
1236 1514 1362 1598 edidit,

201 1631 237 1692 et
260 1626 411 1692 omnibus
435 1626 614 1692 catholicis
639 1623 815 1690 tenendam
837 1626 1030 1712 proposuit,
1059 1623 1151 1690 inter
1174 1631 1291 1697 cetera
1313 1623 1365 1691 sic

201 1734 264 1813 ait:
283 1735 387 1802 Pater
410 1756 431 1800 a
454 1734 552 1807 nullo
576 1742 629 1801 est
652 1735 824 1801 factus...
843 1733 959 1805 Filius
984 1757 1004 1802 a
1027 1733 1131 1801 Patre
1154 1732 1227 1805 solo
1251 1738 1361 1800 est...

200 1841 357 1931 Spiritus
371 1842 522 1911 Sanctus
539 1864 559 1908 a
576 1842 678 1910 Patre
703 1848 737 1910 et
759 1830 864 1928 Filio,
884 1865 951 1909 non
969 1843 1097 1924 factus,
1117 1863 1183 1938 non
1209 1847 1362 1923 creatus,

200 1974 266 2018 non
291 1952 446 2039 genitus,
465 1951 524 2018 sed
550 1951 736 2040 procedens
753 1976 769 2011 ιι
788 1952 970 2018 Retramn.
1000 1958 1091 2017 cont.
1111 1949 1234 2018 Graec.
1265 1948 1361 2018 1.11.
1390 1940 1393 1946 ’

200 2083 228 2128 o.
248 2057 281 2126 δ’.
300 2063 437 2129 Aeneas
459 2059 670 2127 Parisiensis
693 2059 730 2125 in
749 2058 844 2145 ¹libro
868 2059 1037 2128 adversus
1052 2058 1214 2142 Graecos,
1234 2059 1363 2149 quitu-

197 2175 256 2236 tus
281 2178 419 2238 constat
442 2168 616 2237 contentis
649 2168 793 2236 Petrum
817 2167 1024 2254 sententiis,
1056 2178 1133 2256 post
1155 2167 1230 2233 alia
1257 2166 1364 2255 plura

197 2276 399 2354 testimonia
421 2300 463 2344 ex
497 2276 694 2344 Athanasio
718 2276 923 2363 descripta,
942 2283 1153 2362 postremum
1187 2275 1296 2342 affert
1319 2299 1363 2344 ex

197 2394 314 2452 nostro
338 2384 493 2474 symbolo
517 2408 546 2452 o.
566 2385 620 2455 19.
642 2413 657 2448 ιι
685 2384 773 2451 Item
797 2384 885 2451 idem
922 2382 1171 2468 (Athanasius)
1201 2382 1239 2453 in
1274 2383 1364 2452 Fido

199 2494 380 2567 cormaco:
398 2494 488 2585 quod
513 2491 666 2581 Spiritus
686 2489 836 2578 Sanctus
861 2513 882 2557 a
904 2490 1010 2559 Patre
1027 2490 1191 2578 procedat
1214 2500 1249 2559 et
1264 2514 1285 2557 a
1302 2491 1364 2559 ui-

197 2601 258 2669 lio:
277 2602 383 2671 Pater
407 2627 427 2669 a
450 2600 548 2670 nullo
570 2606 624 2668 est
609 2601 775 2683 t,faetus
795 2621 909 2666 noum
924 2598 1070 2690 reliquis
1088 2606 1128 2667 ut
1150 2600 1187 2667 in
1203 2599 1363 2686 symbolo

197 2709 378 2797 leguntur.

264 2815 408 2886 Saeculo
432 2815 515 2888 XII.
535 2815 638 2904 Hugo
662 2815 876 2885 Etherianus
899 2816 1068 2886 Constt
990 2823 1048 2882 tan
1053 2815 1231 2906 tinopoli'
1222 2840 1259 2884 ιιι
1284 2817 1364 2907 ipsa

198 2924 279 2992 aula
302 2923 475 2995 Mannelis
510 2924 672 2993 Comneni
708 2925 873 3014 scripsit,
900 2933 935 2993 et
958 2925 1000 2992 ad
1025 2925 1265 2993 Alexandrum
1289 2925 1360 3000 ΠΙ.

197 3031 399 3101 Pontificem
422 3032 519 3117 misit
542 3041 613 3101 tres
638 3032 745 3102 libros
772 3062 787 3097 ι
814 3032 854 3102 de
886 3033 1088 3100 haeresibus
1124 3055 1213 3124 quas
1233 3033 1364 3102 Graeci

196 3138 233 3205 in
257 3138 403 3213 Latinos
417 3140 619 3225 revolvunt,
640 3141 869 3209 seruditione
892 3149 927 3208 et
943 3133 1102 3211 doctrina
1126 3143 1286 3209 refertos.
1305 3142 1377 3210 Ibi*

194 3244 220 3312 l.
239 3246 307 3315 111.
325 3271 354 3316 o.
374 3247 429 3321 21.
449 3249 640 3317 sententias
664 3247 834 3324 describit
848 3248 989 3337 cyrilli,
1008 3249 1213 3332 Athanasii,
1229 3250 1362 3339 Grego-

195 3354 241 3423 rii
265 3355 312 3424 Μ.
332 3353 459 3443 (cuius,
484 3357 611 3448 inquit,
642 3380 709 3423 non
734 3367 787 3425 est
812 3356 926 3423 fidelis
956 3357 1048 3444 apud
1071 3356 1222 3424 Graecos
1252 3357 1363 3426 inter·

195 3466 372 3552 prelatio),
391 3465 595 3556 Epiphanii,
621 3466 839 3534 Damasceni.
867 3465 922 3532 Ex
945 3466 1142 3535 Athanasio
1166 3490 1275 3535 unum
1301 3491 1363 3556 pro

196 3573 356 3660 omnibus
377 3573 411 3641 ei
428 3575 541 3645 visum
557 3582 611 3642 cst
635 3576 790 3643 sufficere
807 3575 1056 3643 testimonium.
1080 3605 1095 3640 ιι
1113 3576 1262 3664 Magnus
1279 3601 1365 3668 qno-

196 3702 260 3768 que
283 3681 504 3750 Athanasius
529 3686 566 3749 ia
590 3685 802 3773 confessicae
825 3708 905 3750 suos
921 3682 1017 3773 fidei,
1048 3683 1150 3773 plane
1173 3687 1366 3773 processio-

76 3870 79 3875 ·
194 3808 271 3854 nem
293 3811 335 3856 ex
358 3789 452 3857 Filio
468 3814 543 3859 esse
567 3792 733 3877 adstruit;
753 3793 805 3860 ait
829 3793 933 3861 enim:
952 3791 1109 3881 Spiritus
1132 3817 1174 3862 ex
1198 3796 1304 3863 Patre
1327 3801 1365 3864 et

192 3892 298 3979 Filio,
315 3921 384 3966 non
401 3901 528 3981 factus,
548 3923 609 3968 nec
626 3910 781 3986 oreatus,
799 3924 862 3969 nec
880 3902 1037 3990 genitus,
1056 3904 1115 3972 sed
1140 3905 1360 3994 procedens»

192 4003 544 4074 ursimannus.
564 4007 736 4096 Xxup.
756 4008 855 4076 1259.

260 4113 380 4194 Quid
370 4137 438 4181 ram
455 4116 607 4184 dicemus
625 4117 666 4184 de
690 4118 870 4187 temeritat
856 4117 1127 4187 tehominist
1074 4128 1127 4187 1nt
1130 4143 1166 4187 er
1183 4144 1264 4188 suos
1282 4145 1362 4192 eru·

192 4218 339 4288 ditionis
363 4221 455 4288 fama
478 4223 642 4292 celebrat
616 4233 656 4308 t1,
678 4226 738 4320 qui
765 4254 781 4290 ιι
807 4236 1052 4316 argumentum
1087 4229 1229 4297 evidens
1252 4232 1323 4296 et
1313 4253 1362 4298 rr-

191 4310 458 4418 refragabile
430 4355 446 4393 ι
471 4354 533 4420 pro
557 4331 827 4423 interpolatione
863 4317 1013 4425 symboli
1035 4335 1224 4406 Athanasii
1247 4359 1270 4405 a
1293 4339 1360 4408 La·
