3120 4988
690 260 866 324 -162-

197 371 416 440 existentiam
440 369 572 449 latere,
588 373 629 437 ut
645 367 881 457 blasphemum
898 366 1088 452 reficimus,
1105 393 1121 430 s
1139 367 1372 439 acriter'eon·

196 480 311 549 tendit
325 477 555 565 intelligenda
570 499 722 546 essenon
741 477 808 544 iam
822 477 864 544 de
877 477 1050 545 creatione
1064 476 1222 565 Spiritus
1239 485 1370 547 contra

194 587 459 656 Macedonianos
483 587 542 654 sed
566 588 606 654 de
631 599 773 655 aeterna
797 587 1014 674 processione
1038 608 1080 654 ex
1096 585 1191 654 Filio
1214 594 1278 653 aut
1305 608 1370 676 per

193 695 340 765 Filium.
366 694 496 783 Scopus
521 695 682 778 hominia,
709 693 771 785 qui
795 716 981 786 numquam
1006 701 1160 784 spectat,
1187 694 1271 784 quid
1308 716 1367 763 ve·

192 807 283 873 ritas
309 804 445 887 babeat,
460 806 519 872 sed
544 804 653 870 solum
679 803 762 893 quid
782 824 865 869 snae
882 822 1007 869 causae
1032 802 1166 870 servire
1183 803 1364 888 videatur,

192 920 247 982 est
271 913 490 980 manifestus.
518 911 636 979 Vellet
659 911 824 978 nimirum
841 932 862 976 a
879 933 943 977 sua
967 909 1103 978 haeresi
1127 933 1286 979 amovere
1307 934 1367 980 ae·

192 1022 404 1090 cusationem
429 1019 580 1109 originis
604 1018 844 1102 Nestorianae,
860 1018 890 1085 si
908 1041 948 1087 ea
967 1021 1118 1105 primum
1141 1017 1178 1086 in
1202 1019 1365 1108 symbolo

190 1129 400 1200 Nestoriano
424 1129 569 1197 totidem
594 1128 709 1195 verbis
733 1127 919 1196 enuntiata
942 1128 1165 1216 reperiretur;
1184 1150 1261 1194 nam
1277 1136 1366 1197 ante

191 1236 255 1306 hoc
279 1235 474 1325 symbolum
498 1237 638 1323 raspatio
661 1235 758 1316 haec,
779 1234 951 1323 Spiritum
968 1261 1035 1301 non
1053 1257 1198 1324 seraper,
1211 1234 1363 1320 Filiam,

191 1346 296 1412 etiam
321 1344 504 1413 Photianis
522 1344 634 1412 oculis
657 1344 694 1411 in
717 1343 817 1411 nullo
843 1366 985 1431 prorsus
1001 1344 1206 1412 documento
1223 1344 1366 1413 detecta
1446 1338 1448 1342 ’

191 1452 360 1521 hactenus
383 1460 448 1535 est,
468 1474 530 1519 nec
554 1461 633 1540 post
655 1456 756 1518 tanta
782 1450 959 1519 molimina
983 1474 1056 1519 earn
1081 1451 1266 1540 detegendi
1283 1475 1366 1542 spes

191 1559 354 1648 affulget.
367 1558 421 1628 Ex
439 1559 552 1628 altera
566 1581 647 1627 vero
659 1565 757 1647 parte
771 1559 1016 1628 auctoritatem
1030 1559 1240 1629 'theodoreti
1257 1568 1367 1650 putat

191 1691 227 1740 se
251 1668 355 1738 facile
379 1670 561 1735 venditare
586 1691 682 1756 posse
708 1678 746 1736 ut
763 1668 1055 1756 irrefragabilem,
1074 1670 1117 1739 ad
1135 1691 1235 1760 quem
1258 1671 1367 1740 finem

191 1789 293 1847 caute
324 1776 544 1860 dissimulat,
571 1776 782 1845 Theodoreti
806 1776 901 1845 illam
938 1781 1149 1847 sententiam
1173 1803 1364 1872 numquam

192 1909 374 1956 occurrere
399 1887 467 1952 nisi
492 1884 529 1952 in
554 1885 711 1973 scriptis,
730 1885 857 1976 quibus
880 1886 1075 1956 doctrinam
1100 1887 1310 1959 catholicam
1327 1888 1365 1960 in

192 1994 494 2064 anathematismis
511 1993 642 2082 Cyrilli
660 2016 857 2083 expressam
871 2005 1052 2084 oppugnat
1075 2019 1137 2085 pro
1161 1997 1365 2068 defensione
1390 2016 1394 2020 “

190 2101 370 2184 Nestorii,
397 2113 503 2192 atque
526 2101 611 2169 adeo
634 2101 670 2168 in
694 2101 837 2189 scriptis
861 2104 904 2168 ab
930 2104 1095 2171 universa
1117 2103 1279 2173 Ecclesia
1303 2106 1363 2172 da·

191 2210 334 2278 innatis.
361 2208 530 2291 Quamvis
553 2209 671 2298 itaque
703 2210 960 2298 existimemus,
987 2211 1061 2280 sine
1084 2212 1365 2282 contradictione

191 2318 314 2406 negari
337 2340 404 2384 non
429 2339 539 2405 posse,
566 2318 709 2386 eundem
726 2339 800 2386 esse
820 2341 958 2387 sensum
976 2303 1068 2409 apud
1087 2320 1305 2389 Theodorum
1322 2340 1371 2391 aa
1392 2395 1395 2399 ,

192 2425 285 2514 apud
309 2425 518 2515 discipulum
543 2425 817 2510 Theodoretum,
843 2431 880 2494 et
914 2428 1074 2518 quamvis
1097 2451 1138 2496 ex
1163 2430 1363 2499 rationibus

194 2556 257 2618 suo
281 2533 355 2600 loco
379 2533 534 2602 induetis
551 2534 727 2622 probabile
745 2545 919 2624 putemus,
939 2536 1031 2622 apud
1056 2545 1244 2628 utrumque
1262 2539 1360 2606 dum·

193 2647 295 2710 tanat
308 2652 430 2710 contra
445 2642 729 2710 Macedonianum
747 2644 954 2728 doctrinam,
970 2666 1072 2734 quam
1091 2647 1168 2734 pari
1184 2646 1363 2718 calumnia

194 2773 235 2818 ao
259 2748 610 2840 monophysitismum
634 2750 873 2821 Theodoretus
897 2775 926 2820 s.
946 2752 1083 2840 Cyrillo
1108 2753 1294 2842 imposuit,
1322 2757 1375 2826 da

194 2860 369 2928 creatione
393 2882 459 2927 non
476 2870 591 2928 autern
609 2862 650 2930 de
667 2861 886 2950 processione
904 2862 1061 2952 Spiritus
1079 2863 1200 2933 Sancti
1219 2889 1281 2953 per
1301 2866 1362 2937 Fi·
1406 2939 1409 2943 ,

191 2966 281 3038 lium
297 2991 487 3038 sermonem
503 2991 597 3056 esse;
616 2994 677 3060 pro
694 2970 854 3058 dogmate
867 2980 987 3040 tamen
1005 2971 1108 3055 nihil,
1129 2996 1190 3062 pro
1208 2973 1366 3045 historia

193 3077 375 3147 haereseos
398 3102 464 3146 non
490 3078 607 3168 magni
633 3077 795 3148 interest.
829 3077 920 3148 Sive'
936 3079 1027 3148 enim
1055 3081 1260 3152 Theodorus
1284 3084 1367 3156 sive

195 3188 433 3258 Theodoretus
450 3187 525 3257 sive
543 3199 688 3280 uterque
712 3195 836 3257 auctor
860 3189 971 3257 fuerit
994 3192 1192 3279 negationis
1216 3193 1368 3260 Plotia·

194 3323 267 3381 nae,
284 3298 499 3367 incunabula
511 3306 616 3365 erunt
631 3298 851 3381 Nestoriana,
863 3299 1024 3389 qnoniam
1039 3320 1106 3365 non
1124 3299 1235 3368 solum
1250 3300 1366 3370 Theo-

194 3407 269 3476 dori
294 3406 353 3474 sed
378 3406 485 3474 etiam
510 3404 718 3472 theodoreti
744 3405 888 3494 scripta,
915 3404 951 3472 in
977 3404 1104 3495 quibus
1127 3408 1273 3494 negatio
1296 3407 1377 3476 illa,

195 3516 426 3607 supponitur,
460 3514 505 3582 ad
537 3513 853 3582 Nestoriauismum
887 3519 1049 3606 spectant
1078 3523 1115 3582 et
1138 3516 1404 3587 anathemat*

199 3625 373 3696 infamata
397 3629 493 3692 sunt.

239 3795 274 3872 S·
291 3786 393 3858 VIII.
422 3787 473 3855 De
495 3787 663 3858 Patribus
686 3784 970 3869 occidentalibus,
995 3786 1060 3878 qui
1080 3787 1175 3854 celat
1197 3787 1322 3857 diserti
1449 3877 1451 3881 ι

364 3917 366 3920 ⁴
413 3894 565 3965 ”imum
589 3896 764 3964 d⁰⁰trl⁷tae
787 3898 983 3968 Pdotianoe
1006 3898 1172 3967 citantur.

237 4057 241 4068 '
263 4056 317 4127 Ex
334 4058 498 4129 Patribus
514 4061 788 4129 occidentalibus
805 4081 866 4149 pro
883 4059 1015 4127 diserta
1027 4057 1085 4134 vel
1108 4057 1451 4148 aequipollent&

198 4171 383 4258 nepotiane
398 4169 627 4256 processionis
650 4193 670 4236 a
693 4169 787 4237 Filio
810 4171 915 4237 audet
932 4167 1156 4235 adversarius
1180 4169 1451 4238 traduceret

197 4276 452 4366 Augustinum‚
473 4277 646 4368 Vigilium
664 4277 884 4367 Tapsensem,
898 4274 1128 4363 Fulgentium
1145 4274 1204 4366 qui
1223 4275 1259 4343 in
1277 4275 1451 4345 lecit

197 4387 283 4458 licet
310 4407 470 4475 magnam
500 4396 633 4477 partem
664 4408 726 4476 per
760 4383 1015 4453 truncationem
1046 4388 1082 4451 et
1103 4388 1451 4475 praeposterata
