<?xml version="1.0" encoding="UTF-8"?>
<!DOCTYPE html PUBLIC "-//W3C//DTD XHTML 1.0 Transitional//EN"
    "http://www.w3.org/TR/xhtml1/DTD/xhtml1-transitional.dtd">
<html xmlns="http://www.w3.org/1999/xhtml" xml:lang="en" lang="en">
 <head>
  <title>
</title>
<meta http-equiv="Content-Type" content="text/html;charset=utf-8" />
  <meta name='ocr-system' content='tesseract 3.04.00' />
  <meta name='ocr-capabilities' content='ocr_page ocr_carea ocr_par ocr_line ocrx_word'/>
</head>
<body>
  <div class='ocr_page' id='page_1' title='image "./ioannisbaptfran00frangoog_0286.png"; bbox 0 0 3120 4988; ppageno 0'>
   <div class='ocr_carea' id='block_1_1' title="bbox 173 291 1460 3956">
    <p class='ocr_par' dir='ltr' id='par_1_1' title="bbox 189 291 1363 916">
     <span class='ocr_line' id='line_1_1' title="bbox 681 291 864 356; baseline 0.011 -2"><span class='ocrx_word' id='word_1_1' title='bbox 681 291 864 356; x_wconf 78' lang='lat'><strong>-281—</strong></span> 
     </span>
     <span class='ocr_line' id='line_1_2' title="bbox 192 391 1361 494; baseline 0.015 -36"><span class='ocrx_word' id='word_1_2' title='bbox 192 391 324 461; x_wconf 85' lang='lat' dir='ltr'>inferre</span> <span class='ocrx_word' id='word_1_3' title='bbox 347 395 497 482; x_wconf 88' lang='lat' dir='ltr'>audent,</span> <span class='ocrx_word' id='word_1_4' title='bbox 523 398 645 469; x_wconf 89' lang='lat' dir='ltr'>Patres</span> <span class='ocrx_word' id='word_1_5' title='bbox 676 425 819 491; x_wconf 80' lang='lat' dir='ltr'>negasse</span> <span class='ocrx_word' id='word_1_6' title='bbox 849 405 1103 494; x_wconf 78' lang='lat' dir='ltr'>processionem</span> <span class='ocrx_word' id='word_1_7' title='bbox 1128 431 1149 474; x_wconf 90' lang='lat' dir='ltr'>a</span> <span class='ocrx_word' id='word_1_8' title='bbox 1170 407 1282 494; x_wconf 75' lang='lat' dir='ltr'>Fili03</span> <span class='ocrx_word' id='word_1_9' title='bbox 1308 409 1361 479; x_wconf 91' lang='lat' dir='ltr'>ita</span> 
     </span>
     <span class='ocr_line' id='line_1_3' title="bbox 190 498 1361 604; baseline 0.015 -36"><span class='ocrx_word' id='word_1_10' title='bbox 190 498 455 590; x_wconf 91' lang='lat' dir='ltr'>Neophotianus</span> <span class='ocrx_word' id='word_1_11' title='bbox 477 505 672 594; x_wconf 89' lang='lat' dir='ltr'>Bonnensis</span> <span class='ocrx_word' id='word_1_12' title='bbox 696 509 850 597; x_wconf 81' lang='lat' dir='ltr'>deducit,</span> <span class='ocrx_word' id='word_1_13' title='bbox 868 534 937 579; x_wconf 92' lang='lat' dir='ltr'>non</span> <span class='ocrx_word' id='word_1_14' title='bbox 961 514 1101 604; x_wconf 92' lang='lat' dir='ltr'>quidem</span> <span class='ocrx_word' id='word_1_15' title='bbox 1123 515 1247 585; x_wconf 85' lang='lat' dir='ltr'>Patres</span> <span class='ocrx_word' id='word_1_16' title='bbox 1271 517 1361 585; x_wconf 90' lang='lat' dir='ltr'>hanc</span> 
     </span>
     <span class='ocr_line' id='line_1_4' title="bbox 190 611 1363 704; baseline 0.017 -29"><span class='ocrx_word' id='word_1_17' title='bbox 190 611 445 697; x_wconf 78' lang='lat' dir='ltr'>processionem</span> <span class='ocrx_word' id='word_1_18' title='bbox 468 636 626 704; x_wconf 84' lang='lat' dir='ltr'>negasse,</span> <span class='ocrx_word' id='word_1_19' title='bbox 646 618 705 685; x_wconf 86' lang='lat' dir='ltr'>sed</span> <span class='ocrx_word' id='word_1_20' title='bbox 730 619 942 689; x_wconf 89' lang='lat' dir='ltr'>solummodo</span> <span class='ocrx_word' id='word_1_21' title='bbox 967 643 1042 690; x_wconf 86' lang='lat' dir='ltr'>eam</span> <span class='ocrx_word' id='word_1_22' title='bbox 1058 645 1126 691; x_wconf 91' lang='lat' dir='ltr'>non</span> <span class='ocrx_word' id='word_1_23' title='bbox 1150 624 1363 694; x_wconf 88' lang='lat' dir='ltr'>veritatibus</span> 
     </span>
     <span class='ocr_line' id='line_1_5' title="bbox 189 717 1360 821; baseline 0.016 -36"><span class='ocrx_word' id='word_1_24' title='bbox 189 717 273 786; x_wconf 92' lang='lat' dir='ltr'>fidei</span> <span class='ocrx_word' id='word_1_25' title='bbox 289 720 479 806; x_wconf 83' lang='lat' dir='ltr'>credendis,</span> <span class='ocrx_word' id='word_1_26' title='bbox 496 747 616 793; x_wconf 87' lang='lat' dir='ltr'>verum</span> <span class='ocrx_word' id='word_1_27' title='bbox 636 725 880 816; x_wconf 70' lang='lat' dir='ltr'>«opinionibus</span> <span class='ocrx_word' id='word_1_28' title='bbox 896 735 932 799; x_wconf 90' lang='lat' dir='ltr'>et</span> <span class='ocrx_word' id='word_1_29' title='bbox 947 731 1246 821; x_wconf 78' lang='lat' dir='ltr'>speculationibus</span> <span class='ocrx_word' id='word_1_30' title='bbox 1262 734 1360 805; x_wconf 84' lang='lat' dir='ltr'>tbeo·</span> 
     </span>
     <span class='ocr_line' id='line_1_6' title="bbox 190 823 601 916; baseline 0.019 -25"><span class='ocrx_word' id='word_1_31' title='bbox 190 823 346 916; x_wconf 77' lang='lat' dir='ltr'>logicisn</span> <span class='ocrx_word' id='word_1_32' title='bbox 372 830 601 901; x_wconf 86' lang='lat' dir='ltr'>accensuisse.</span> 
     </span>
    </p>

    <p class='ocr_par' dir='ltr' id='par_1_2' title="bbox 192 927 1364 2333">
     <span class='ocr_line' id='line_1_7' title="bbox 258 927 1363 1035; baseline 0.015 -33"><span class='ocrx_word' id='word_1_33' title='bbox 258 935 311 1003; x_wconf 91' lang='lat' dir='ltr'>At</span> <span class='ocrx_word' id='word_1_34' title='bbox 334 959 416 1006; x_wconf 91' lang='lat' dir='ltr'>vero</span> <span class='ocrx_word' id='word_1_35' title='bbox 439 938 510 1008; x_wconf 88' lang='lat' dir='ltr'>iam</span> <span class='ocrx_word' id='word_1_36' title='bbox 532 963 593 1031; x_wconf 90' lang='lat' dir='ltr'>per</span> <span class='ocrx_word' id='word_1_37' title='bbox 617 964 689 1011; x_wconf 86' lang='lat' dir='ltr'>sese</span> <span class='ocrx_word' id='word_1_38' title='bbox 713 966 755 1012; x_wconf 92' lang='lat' dir='ltr'>ex</span> <span class='ocrx_word' id='word_1_39' title='bbox 779 943 856 1035; x_wconf 90' lang='lat' dir='ltr'>ipsa</span> <span class='ocrx_word' id='word_1_40' title='bbox 880 967 945 1015; x_wconf 88' lang='lat' dir='ltr'>sua</span> <span class='ocrx_word' id='word_1_41' title='bbox 968 927 1089 1015; x_wconf 30' lang='lat' dir='ltr'>*forma</span> <span class='ocrx_word' id='word_1_42' title='bbox 1111 952 1147 1015; x_wconf 88' lang='lat' dir='ltr'>et</span> <span class='ocrx_word' id='word_1_43' title='bbox 1169 947 1286 1017; x_wconf 91' lang='lat' dir='ltr'>indole</span> <span class='ocrx_word' id='word_1_44' title='bbox 1309 971 1363 1019; x_wconf 86' lang='lat' dir='ltr'>ur-</span> 
     </span>
     <span class='ocr_line' id='line_1_8' title="bbox 193 1049 1362 1141; baseline 0.012 -30"><span class='ocrx_word' id='word_1_45' title='bbox 193 1049 413 1134; x_wconf 86' lang='lat' dir='ltr'>gumentatio</span> <span class='ocrx_word' id='word_1_46' title='bbox 437 1055 513 1118; x_wconf 89' lang='lat' dir='ltr'>tota</span> <span class='ocrx_word' id='word_1_47' title='bbox 536 1050 656 1139; x_wconf 89' lang='lat' dir='ltr'>inepta</span> <span class='ocrx_word' id='word_1_48' title='bbox 679 1059 836 1141; x_wconf 90' lang='lat' dir='ltr'>apparet.</span> <span class='ocrx_word' id='word_1_49' title='bbox 862 1053 929 1123; x_wconf 92' lang='lat' dir='ltr'>Vel</span> <span class='ocrx_word' id='word_1_50' title='bbox 952 1053 1043 1122; x_wconf 88' lang='lat' dir='ltr'>enim</span> <span class='ocrx_word' id='word_1_51' title='bbox 1069 1055 1362 1125; x_wconf 70' lang='grc' dir='ltr'><strong>1111111111εαί-</strong></span> 
     </span>
     <span class='ocr_line' id='line_1_9' title="bbox 192 1153 1364 1254; baseline 0.01 -33"><span class='ocrx_word' id='word_1_52' title='bbox 192 1153 323 1239; x_wconf 85' lang='lat' dir='ltr'>firmat,</span> <span class='ocrx_word' id='word_1_53' title='bbox 348 1158 471 1227; x_wconf 89' lang='lat' dir='ltr'>Patres</span> <span class='ocrx_word' id='word_1_54' title='bbox 495 1158 578 1226; x_wconf 87' lang='lat' dir='ltr'>illas</span> <span class='ocrx_word' id='word_1_55' title='bbox 594 1159 687 1228; x_wconf 88' lang='lat' dir='ltr'>solas</span> <span class='ocrx_word' id='word_1_56' title='bbox 701 1161 871 1230; x_wconf 86' lang='lat' dir='ltr'>veritates</span> <span class='ocrx_word' id='word_1_57' title='bbox 888 1161 982 1230; x_wconf 87' lang='lat' dir='ltr'>inter</span> <span class='ocrx_word' id='word_1_58' title='bbox 998 1162 1082 1231; x_wconf 90' lang='lat' dir='ltr'>fidei</span> <span class='ocrx_word' id='word_1_59' title='bbox 1098 1163 1260 1254; x_wconf 81' lang='lat' dir='ltr'>dogmata</span> <span class='ocrx_word' id='word_1_60' title='bbox 1276 1186 1364 1233; x_wconf 90' lang='lat' dir='ltr'>com·</span> 
     </span>
     <span class='ocr_line' id='line_1_10' title="bbox 193 1265 1362 1360; baseline 0.01 -32"><span class='ocrx_word' id='word_1_61' title='bbox 193 1268 351 1352; x_wconf 88' lang='lat' dir='ltr'>putasse,</span> <span class='ocrx_word' id='word_1_62' title='bbox 377 1287 463 1355; x_wconf 90' lang='lat' dir='ltr'>quas</span> <span class='ocrx_word' id='word_1_63' title='bbox 487 1265 523 1332; x_wconf 91' lang='lat' dir='ltr'>in</span> <span class='ocrx_word' id='word_1_64' title='bbox 547 1266 627 1335; x_wconf 83' lang='lat' dir='ltr'>istis</span> <span class='ocrx_word' id='word_1_65' title='bbox 650 1266 738 1337; x_wconf 83' lang='lat' dir='ltr'>locis</span> <span class='ocrx_word' id='word_1_66' title='bbox 761 1271 804 1338; x_wconf 96' lang='lat' dir='ltr'>ab</span> <span class='ocrx_word' id='word_1_67' title='bbox 829 1270 904 1359; x_wconf 89' lang='lat' dir='ltr'>ipso</span> <span class='ocrx_word' id='word_1_68' title='bbox 921 1270 1078 1340; x_wconf 86' lang='lat' dir='ltr'>inductis</span> <span class='ocrx_word' id='word_1_69' title='bbox 1100 1271 1268 1360; x_wconf 86' lang='lat' dir='ltr'>explicite</span> <span class='ocrx_word' id='word_1_70' title='bbox 1285 1272 1362 1342; x_wconf 90' lang='lat' dir='ltr'>vin·</span> 
     </span>
     <span class='ocr_line' id='line_1_11' title="bbox 195 1370 1363 1464; baseline 0.007 -25"><span class='ocrx_word' id='word_1_71' title='bbox 195 1370 315 1439; x_wconf 86' lang='lat' dir='ltr'>dicant</span> <span class='ocrx_word' id='word_1_72' title='bbox 338 1380 459 1442; x_wconf 86' lang='lat' dir='ltr'>contra</span> <span class='ocrx_word' id='word_1_73' title='bbox 488 1375 702 1464; x_wconf 80' lang='lat' dir='ltr'>haereticos3</span> <span class='ocrx_word' id='word_1_74' title='bbox 721 1377 779 1446; x_wconf 88' lang='lat' dir='ltr'>vel</span> <span class='ocrx_word' id='word_1_75' title='bbox 803 1378 972 1464; x_wconf 92' lang='lat' dir='ltr'>concedit,</span> <span class='ocrx_word' id='word_1_76' title='bbox 992 1379 1029 1446; x_wconf 93' lang='lat' dir='ltr'>in</span> <span class='ocrx_word' id='word_1_77' title='bbox 1052 1377 1253 1447; x_wconf 90' lang='lat' dir='ltr'>huiusmodi</span> <span class='ocrx_word' id='word_1_78' title='bbox 1275 1378 1363 1448; x_wconf 86' lang='lat' dir='ltr'>locis</span> 
     </span>
     <span class='ocr_line' id='line_1_12' title="bbox 194 1483 1363 1578; baseline 0.004 -28"><span class='ocrx_word' id='word_1_79' title='bbox 194 1504 235 1550; x_wconf 88' lang='lat' dir='ltr'>ea</span> <span class='ocrx_word' id='word_1_80' title='bbox 257 1483 439 1553; x_wconf 86' lang='lat' dir='ltr'>dumtaxat</span> <span class='ocrx_word' id='word_1_81' title='bbox 467 1486 631 1575; x_wconf 80' lang='lat' dir='ltr'>dogmata</span> <span class='ocrx_word' id='word_1_82' title='bbox 657 1487 927 1571; x_wconf 89' lang='lat' dir='ltr'>commemorari,</span> <span class='ocrx_word' id='word_1_83' title='bbox 955 1508 1102 1578; x_wconf 88' lang='lat' dir='ltr'>quorum</span> <span class='ocrx_word' id='word_1_84' title='bbox 1130 1486 1363 1556; x_wconf 81' lang='lat' dir='ltr'>defensionem</span> 
     </span>
     <span class='ocr_line' id='line_1_13' title="bbox 195 1592 1362 1685; baseline 0.004 -28"><span class='ocrx_word' id='word_1_85' title='bbox 195 1592 409 1679; x_wconf 85' lang='lat' dir='ltr'>oppugnatio</span> <span class='ocrx_word' id='word_1_86' title='bbox 422 1594 617 1663; x_wconf 89' lang='lat' dir='ltr'>contrariae</span> <span class='ocrx_word' id='word_1_87' title='bbox 633 1595 825 1680; x_wconf 87' lang='lat' dir='ltr'>haereseos,</span> <span class='ocrx_word' id='word_1_88' title='bbox 841 1600 956 1663; x_wconf 85' lang='lat' dir='ltr'>status</span> <span class='ocrx_word' id='word_1_89' title='bbox 968 1593 1168 1685; x_wconf 84' lang='lat' dir='ltr'>propositae</span> <span class='ocrx_word' id='word_1_90' title='bbox 1191 1594 1362 1685; x_wconf 88' lang='lat' dir='ltr'>quaestio-</span> 
     </span>
     <span class='ocr_line' id='line_1_14' title="bbox 195 1697 1363 1791; baseline 0.003 -27"><span class='ocrx_word' id='word_1_91' title='bbox 195 1697 263 1782; x_wconf 89' lang='lat' dir='ltr'>nis,</span> <span class='ocrx_word' id='word_1_92' title='bbox 275 1705 457 1768; x_wconf 89' lang='lat' dir='ltr'>contextus</span> <span class='ocrx_word' id='word_1_93' title='bbox 471 1700 723 1791; x_wconf 83' lang='lat' dir='ltr'>disputationis</span> <span class='ocrx_word' id='word_1_94' title='bbox 739 1701 952 1791; x_wconf 86' lang='lat' dir='ltr'>postulabat.</span> <span class='ocrx_word' id='word_1_95' title='bbox 968 1700 1007 1771; x_wconf 94' lang='lat' dir='ltr'>Si</span> <span class='ocrx_word' id='word_1_96' title='bbox 1023 1699 1173 1791; x_wconf 89' lang='lat' dir='ltr'>primurn</span> <span class='ocrx_word' id='word_1_97' title='bbox 1191 1699 1290 1781; x_wconf 89' lang='lat' dir='ltr'>dicit,</span> <span class='ocrx_word' id='word_1_98' title='bbox 1309 1722 1363 1769; x_wconf 89' lang='lat' dir='ltr'>re-</span> 
     </span>
     <span class='ocr_line' id='line_1_15' title="bbox 196 1805 1364 1898; baseline 0.004 -27"><span class='ocrx_word' id='word_1_99' title='bbox 196 1805 334 1884; x_wconf 88' lang='lat' dir='ltr'>velatae</span> <span class='ocrx_word' id='word_1_100' title='bbox 355 1808 524 1876; x_wconf 90' lang='lat' dir='ltr'>veritates</span> <span class='ocrx_word' id='word_1_101' title='bbox 539 1807 712 1898; x_wconf 88' lang='lat' dir='ltr'>plurimae</span> <span class='ocrx_word' id='word_1_102' title='bbox 735 1815 771 1878; x_wconf 90' lang='lat' dir='ltr'>et</span> <span class='ocrx_word' id='word_1_103' title='bbox 792 1807 998 1883; x_wconf 88' lang='lat' dir='ltr'>nominatim</span> <span class='ocrx_word' id='word_1_104' title='bbox 1014 1811 1187 1897; x_wconf 86' lang='lat' dir='ltr'>processio</span> <span class='ocrx_word' id='word_1_105' title='bbox 1204 1807 1364 1898; x_wconf 85' lang='lat' dir='ltr'>Spiritus</span> 
     </span>
     <span class='ocr_line' id='line_1_16' title="bbox 195 1913 1363 2009; baseline 0.001 -27"><span class='ocrx_word' id='word_1_106' title='bbox 195 1913 318 1982; x_wconf 85' lang='lat' dir='ltr'>Sancti</span> <span class='ocrx_word' id='word_1_107' title='bbox 333 1937 354 1982; x_wconf 88' lang='lat' dir='ltr'>u</span> <span class='ocrx_word' id='word_1_108' title='bbox 367 1914 482 2001; x_wconf 89' lang='lat' dir='ltr'>Patre,</span> <span class='ocrx_word' id='word_1_109' title='bbox 501 1915 614 1995; x_wconf 57' lang='lat' dir='ltr'>cuiue,</span> <span class='ocrx_word' id='word_1_110' title='bbox 629 1916 666 1985; x_wconf 92' lang='lat' dir='ltr'>in</span> <span class='ocrx_word' id='word_1_111' title='bbox 678 1917 854 2009; x_wconf 89' lang='lat' dir='ltr'>plerisque</span> <span class='ocrx_word' id='word_1_112' title='bbox 871 1915 947 1985; x_wconf 89' lang='lat' dir='ltr'>illis</span> <span class='ocrx_word' id='word_1_113' title='bbox 972 1915 1061 1984; x_wconf 89' lang='lat' dir='ltr'>locis</span> <span class='ocrx_word' id='word_1_114' title='bbox 1075 1916 1176 1984; x_wconf 93' lang='lat' dir='ltr'>nulla</span> <span class='ocrx_word' id='word_1_115' title='bbox 1199 1923 1253 1985; x_wconf 91' lang='lat' dir='ltr'>est</span> <span class='ocrx_word' id='word_1_116' title='bbox 1270 1938 1363 1984; x_wconf 93' lang='lat' dir='ltr'>men·</span> 
     </span>
     <span class='ocr_line' id='line_1_17' title="bbox 194 2023 1363 2114; baseline 0.004 -25"><span class='ocrx_word' id='word_1_117' title='bbox 194 2023 257 2108; x_wconf 89' lang='lat' dir='ltr'>tio,</span> <span class='ocrx_word' id='word_1_118' title='bbox 283 2045 302 2090; x_wconf 91' lang='lat' dir='ltr'>e</span> <span class='ocrx_word' id='word_1_119' title='bbox 325 2046 429 2093; x_wconf 87' lang='lat' dir='ltr'>censu</span> <span class='ocrx_word' id='word_1_120' title='bbox 453 2024 652 2113; x_wconf 86' lang='lat' dir='ltr'>dogmatum</span> <span class='ocrx_word' id='word_1_121' title='bbox 676 2024 759 2093; x_wconf 86' lang='lat' dir='ltr'>fidei</span> <span class='ocrx_word' id='word_1_122' title='bbox 782 2025 1014 2094; x_wconf 87' lang='lat' dir='ltr'>eliminandae</span> <span class='ocrx_word' id='word_1_123' title='bbox 1032 2031 1147 2112; x_wconf 77' lang='lat' dir='ltr'>erunt,</span> <span class='ocrx_word' id='word_1_124' title='bbox 1164 2047 1203 2093; x_wconf 86' lang='lat' dir='ltr'>ec</span> <span class='ocrx_word' id='word_1_125' title='bbox 1220 2024 1363 2114; x_wconf 91' lang='lat' dir='ltr'>insuper</span> 
     </span>
     <span class='ocr_line' id='line_1_18' title="bbox 195 2131 1360 2222; baseline 0.001 -23"><span class='ocrx_word' id='word_1_126' title='bbox 195 2131 405 2222; x_wconf 91' lang='lat' dir='ltr'>principium</span> <span class='ocrx_word' id='word_1_127' title='bbox 430 2133 727 2204; x_wconf 90' lang='lat' dir='ltr'>hermeneutioum</span> <span class='ocrx_word' id='word_1_128' title='bbox 751 2139 931 2202; x_wconf 88' lang='lat' dir='ltr'>statuetur</span> <span class='ocrx_word' id='word_1_129' title='bbox 954 2132 1134 2202; x_wconf 86' lang='lat' dir='ltr'>evidenter</span> <span class='ocrx_word' id='word_1_130' title='bbox 1158 2133 1360 2221; x_wconf 91' lang='lat' dir='ltr'>absurdum,</span> 
     </span>
     <span class='ocr_line' id='line_1_19' title="bbox 195 2239 1362 2333; baseline 0.003 -28"><span class='ocrx_word' id='word_1_131' title='bbox 195 2239 288 2307; x_wconf 92' lang='lat' dir='ltr'>nihil</span> <span class='ocrx_word' id='word_1_132' title='bbox 311 2241 485 2328; x_wconf 90' lang='lat' dir='ltr'>pertinere</span> <span class='ocrx_word' id='word_1_133' title='bbox 508 2241 553 2309; x_wconf 94' lang='lat' dir='ltr'>ad</span> <span class='ocrx_word' id='word_1_134' title='bbox 576 2241 689 2326; x_wconf 89' lang='lat' dir='ltr'>fidem,</span> <span class='ocrx_word' id='word_1_135' title='bbox 717 2242 808 2333; x_wconf 92' lang='lat' dir='ltr'>quod</span> <span class='ocrx_word' id='word_1_136' title='bbox 824 2263 845 2308; x_wconf 90' lang='lat' dir='ltr'>a</span> <span class='ocrx_word' id='word_1_137' title='bbox 861 2240 1026 2308; x_wconf 85' lang='lat' dir='ltr'>Patribus</span> <span class='ocrx_word' id='word_1_138' title='bbox 1049 2263 1116 2309; x_wconf 93' lang='lat' dir='ltr'>non</span> <span class='ocrx_word' id='word_1_139' title='bbox 1141 2240 1178 2308; x_wconf 91' lang='lat' dir='ltr'>in</span> <span class='ocrx_word' id='word_1_140' title='bbox 1203 2240 1362 2309; x_wconf 88' lang='lat' dir='ltr'>omnibus</span> 
     </span>
    </p>

    <p class='ocr_par' dir='ltr' id='par_1_3' title="bbox 173 2333 1365 3178">
     <span class='ocr_line' id='line_1_20' title="bbox 173 2333 1364 2439; baseline 0 -24"><span class='ocrx_word' id='word_1_141' title='bbox 173 2333 176 2336; x_wconf 8' lang='grc' dir='ltr'><em>Α</em></span> <span class='ocrx_word' id='word_1_142' title='bbox 197 2347 494 2436; x_wconf 88' lang='lat' dir='ltr'>disputationibus</span> <span class='ocrx_word' id='word_1_143' title='bbox 510 2349 679 2418; x_wconf 87' lang='lat' dir='ltr'>adversus</span> <span class='ocrx_word' id='word_1_144' title='bbox 703 2349 896 2418; x_wconf 89' lang='lat' dir='ltr'>haereticos</span> <span class='ocrx_word' id='word_1_145' title='bbox 912 2348 1026 2417; x_wconf 83' lang='lat' dir='ltr'>fuerit</span> <span class='ocrx_word' id='word_1_146' title='bbox 1039 2354 1215 2439; x_wconf 85' lang='lat' dir='ltr'>tamquam</span> <span class='ocrx_word' id='word_1_147' title='bbox 1239 2348 1364 2436; x_wconf 90' lang='lat' dir='ltr'>dogma</span> 
     </span>
     <span class='ocr_line' id='line_1_21' title="bbox 196 2454 1363 2547; baseline 0.002 -24"><span class='ocrx_word' id='word_1_148' title='bbox 196 2454 278 2524; x_wconf 85' lang='lat' dir='ltr'>fidei</span> <span class='ocrx_word' id='word_1_149' title='bbox 302 2456 467 2545; x_wconf 87' lang='lat' dir='ltr'>explicite</span> <span class='ocrx_word' id='word_1_150' title='bbox 490 2465 662 2526; x_wconf 89' lang='lat' dir='ltr'>assertum</span> <span class='ocrx_word' id='word_1_151' title='bbox 678 2481 717 2526; x_wconf 90' lang='lat' dir='ltr'>ac</span> <span class='ocrx_word' id='word_1_152' title='bbox 734 2456 964 2527; x_wconf 90' lang='lat' dir='ltr'>vindicatum.</span> <span class='ocrx_word' id='word_1_153' title='bbox 992 2456 1032 2527; x_wconf 89' lang='lat' dir='ltr'>Si</span> <span class='ocrx_word' id='word_1_154' title='bbox 1048 2479 1090 2525; x_wconf 88' lang='lat' dir='ltr'>ex</span> <span class='ocrx_word' id='word_1_155' title='bbox 1107 2455 1254 2541; x_wconf 90' lang='lat' dir='ltr'>duobus,</span> <span class='ocrx_word' id='word_1_156' title='bbox 1274 2479 1363 2547; x_wconf 87' lang='lat' dir='ltr'>quae</span> 
     </span>
     <span class='ocr_line' id='line_1_22' title="bbox 197 2565 1363 2654; baseline 0 -22"><span class='ocrx_word' id='word_1_157' title='bbox 197 2565 388 2654; x_wconf 86' lang='lat' dir='ltr'>posuimus,</span> <span class='ocrx_word' id='word_1_158' title='bbox 414 2567 571 2636; x_wconf 87' lang='lat' dir='ltr'>concedit</span> <span class='ocrx_word' id='word_1_159' title='bbox 593 2567 757 2651; x_wconf 86' lang='lat' dir='ltr'>alterum,</span> <span class='ocrx_word' id='word_1_160' title='bbox 782 2591 824 2636; x_wconf 89' lang='lat' dir='ltr'>ex</span> <span class='ocrx_word' id='word_1_161' title='bbox 853 2567 978 2635; x_wconf 88' lang='lat' dir='ltr'>iisdem</span> <span class='ocrx_word' id='word_1_162' title='bbox 1003 2566 1090 2634; x_wconf 88' lang='lat' dir='ltr'>locis</span> <span class='ocrx_word' id='word_1_163' title='bbox 1119 2566 1265 2635; x_wconf 86' lang='lat' dir='ltr'>Petrum</span> <span class='ocrx_word' id='word_1_164' title='bbox 1294 2586 1363 2632; x_wconf 90' lang='lat' dir='ltr'>non</span> 
     </span>
     <span class='ocr_line' id='line_1_23' title="bbox 198 2671 1365 2766; baseline -0.002 -24"><span class='ocrx_word' id='word_1_165' title='bbox 198 2676 310 2764; x_wconf 87' lang='lat' dir='ltr'>magis</span> <span class='ocrx_word' id='word_1_166' title='bbox 338 2675 553 2759; x_wconf 89' lang='lat' dir='ltr'>conficietur,</span> <span class='ocrx_word' id='word_1_167' title='bbox 584 2677 846 2766; x_wconf 86' lang='lat' dir='ltr'>processionem¹</span> <span class='ocrx_word' id='word_1_168' title='bbox 868 2674 1024 2765; x_wconf 85' lang='lat' dir='ltr'>Spiritus</span> <span class='ocrx_word' id='word_1_169' title='bbox 1056 2673 1178 2743; x_wconf 90' lang='lat' dir='ltr'>Sancti</span> <span class='ocrx_word' id='word_1_170' title='bbox 1212 2695 1234 2740; x_wconf 93' lang='lat' dir='ltr'>a</span> <span class='ocrx_word' id='word_1_171' title='bbox 1268 2671 1365 2740; x_wconf 82' lang='lat' dir='ltr'>Filio</span> 
     </span>
     <span class='ocr_line' id='line_1_24' title="bbox 196 2780 1362 2875; baseline -0.003 -25"><span class='ocrx_word' id='word_1_172' title='bbox 196 2790 260 2851; x_wconf 90' lang='lat' dir='ltr'>aut</span> <span class='ocrx_word' id='word_1_173' title='bbox 276 2806 336 2873; x_wconf 89' lang='lat' dir='ltr'>per</span> <span class='ocrx_word' id='word_1_174' title='bbox 350 2782 495 2868; x_wconf 84' lang='lat' dir='ltr'>Filium,</span> <span class='ocrx_word' id='word_1_175' title='bbox 515 2805 616 2875; x_wconf 89' lang='lat' dir='ltr'>quam</span> <span class='ocrx_word' id='word_1_176' title='bbox 634 2782 884 2872; x_wconf 86' lang='lat' dir='ltr'>processionem</span> <span class='ocrx_word' id='word_1_177' title='bbox 901 2803 921 2849; x_wconf 90' lang='lat' dir='ltr'>a</span> <span class='ocrx_word' id='word_1_178' title='bbox 937 2782 1042 2857; x_wconf 82' lang='lat' dir='ltr'>Patre</span> <span class='ocrx_word' id='word_1_179' title='bbox 1059 2787 1095 2848; x_wconf 90' lang='lat' dir='ltr'>et</span> <span class='ocrx_word' id='word_1_180' title='bbox 1110 2780 1183 2847; x_wconf 89' lang='lat' dir='ltr'>alia</span> <span class='ocrx_word' id='word_1_181' title='bbox 1198 2780 1362 2868; x_wconf 87' lang='lat' dir='ltr'>dogmata</span> 
     </span>
     <span class='ocr_line' id='line_1_25' title="bbox 195 2887 1358 2982; baseline -0.003 -23"><span class='ocrx_word' id='word_1_182' title='bbox 195 2891 359 2981; x_wconf 88' lang='lat' dir='ltr'>plurima,</span> <span class='ocrx_word' id='word_1_183' title='bbox 386 2915 532 2982; x_wconf 90' lang='lat' dir='ltr'>quorum</span> <span class='ocrx_word' id='word_1_184' title='bbox 554 2890 603 2959; x_wconf 93' lang='lat' dir='ltr'>ibi</span> <span class='ocrx_word' id='word_1_185' title='bbox 628 2892 762 2960; x_wconf 91' lang='lat' dir='ltr'>mentio&#39;</span> <span class='ocrx_word' id='word_1_186' title='bbox 780 2914 847 2959; x_wconf 88' lang='lat' dir='ltr'>non</span> <span class='ocrx_word' id='word_1_187' title='bbox 871 2896 935 2974; x_wconf 87' lang='lat' dir='ltr'>est,</span> <span class='ocrx_word' id='word_1_188' title='bbox 958 2889 1069 2957; x_wconf 84' lang='lat' dir='ltr'>fuisse</span> <span class='ocrx_word' id='word_1_189' title='bbox 1092 2910 1158 2956; x_wconf 91' lang='lat' dir='ltr'>non</span> <span class='ocrx_word' id='word_1_190' title='bbox 1184 2887 1277 2956; x_wconf 87' lang='lat' dir='ltr'>inter</span> <span class='ocrx_word' id='word_1_191' title='bbox 1302 2910 1358 2956; x_wconf 88' lang='lat' dir='ltr'>ve·</span> 
     </span>
     <span class='ocr_line' id='line_1_26' title="bbox 195 2995 1360 3090; baseline -0.003 -22"><span class='ocrx_word' id='word_1_192' title='bbox 195 3001 320 3068; x_wconf 87' lang='lat' dir='ltr'>ritates</span> <span class='ocrx_word' id='word_1_193' title='bbox 343 2999 425 3069; x_wconf 88' lang='lat' dir='ltr'>fidei</span> <span class='ocrx_word' id='word_1_194' title='bbox 449 3000 508 3068; x_wconf 90' lang='lat' dir='ltr'>sed</span> <span class='ocrx_word' id='word_1_195' title='bbox 532 2999 624 3068; x_wconf 91' lang='lat' dir='ltr'>inter</span> <span class='ocrx_word' id='word_1_196' title='bbox 648 3000 827 3090; x_wconf 84' lang='lat' dir='ltr'>opiniones</span> <span class='ocrx_word' id='word_1_197' title='bbox 860 2998 1044 3066; x_wconf 87' lang='lat' dir='ltr'>dumtaxat</span> <span class='ocrx_word' id='word_1_198' title='bbox 1066 2995 1281 3085; x_wconf 85' lang='lat' dir='ltr'>theologicas</span> <span class='ocrx_word' id='word_1_199' title='bbox 1305 3018 1360 3064; x_wconf 90' lang='lat' dir='ltr'>re-</span> 
     </span>
     <span class='ocr_line' id='line_1_27' title="bbox 196 3110 1004 3178; baseline 0 0"><span class='ocrx_word' id='word_1_200' title='bbox 196 3110 376 3178; x_wconf 90' lang='lat' dir='ltr'>censitam.</span> <span class='ocrx_word' id='word_1_201' title='bbox 1000 3164 1004 3178; x_wconf 85' lang='grc'>.</span> 
     </span>
    </p>

    <p class='ocr_par' dir='ltr' id='par_1_4' title="bbox 195 3209 1364 3626">
     <span class='ocr_line' id='line_1_28' title="bbox 263 3209 1358 3306; baseline -0.008 -22"><span class='ocrx_word' id='word_1_202' title='bbox 263 3217 310 3284; x_wconf 88' lang='lat' dir='ltr'>Ut</span> <span class='ocrx_word' id='word_1_203' title='bbox 333 3215 464 3284; x_wconf 86' lang='lat' dir='ltr'>clarius</span> <span class='ocrx_word' id='word_1_204' title='bbox 499 3219 630 3304; x_wconf 88' lang='lat' dir='ltr'>pateat,</span> <span class='ocrx_word' id='word_1_205' title='bbox 658 3216 748 3306; x_wconf 94' lang='lat' dir='ltr'>quod</span> <span class='ocrx_word' id='word_1_206' title='bbox 783 3214 944 3296; x_wconf 88' lang='lat' dir='ltr'>dicimus,</span> <span class='ocrx_word' id='word_1_207' title='bbox 971 3212 1093 3302; x_wconf 88' lang='lat' dir='ltr'>paucis</span> <span class='ocrx_word' id='word_1_208' title='bbox 1127 3209 1358 3280; x_wconf 90' lang='lat' dir='ltr'>discutiamus</span> 
     </span>
     <span class='ocr_line' id='line_1_29' title="bbox 195 3317 1360 3413; baseline -0.01 -21"><span class='ocrx_word' id='word_1_209' title='bbox 195 3324 354 3412; x_wconf 88' lang='lat' dir='ltr'>singulas</span> <span class='ocrx_word' id='word_1_210' title='bbox 386 3323 727 3406; x_wconf 87' lang='lat' dir='ltr'>animadversiones,</span> <span class='ocrx_word' id='word_1_211' title='bbox 761 3344 848 3413; x_wconf 86' lang='lat' dir='ltr'>quas</span> <span class='ocrx_word' id='word_1_212' title='bbox 875 3317 1104 3389; x_wconf 63' lang='lat' dir='ltr'>«Professori</span> <span class='ocrx_word' id='word_1_213' title='bbox 1127 3318 1360 3407; x_wconf 66' lang='lat' dir='ltr'>theologiae»</span> 
     </span>
     <span class='ocr_line' id='line_1_30' title="bbox 196 3427 1364 3519; baseline -0.006 -19"><span class='ocrx_word' id='word_1_214' title='bbox 196 3431 408 3518; x_wconf 87' lang='lat' dir='ltr'>subiungere</span> <span class='ocrx_word' id='word_1_215' title='bbox 441 3429 577 3519; x_wconf 87' lang='lat' dir='ltr'>placuit</span> <span class='ocrx_word' id='word_1_216' title='bbox 611 3439 690 3518; x_wconf 88' lang='lat' dir='ltr'>post</span> <span class='ocrx_word' id='word_1_217' title='bbox 713 3429 923 3518; x_wconf 88' lang='lat' dir='ltr'>descriptam</span> <span class='ocrx_word' id='word_1_218' title='bbox 958 3429 1182 3496; x_wconf 86' lang='lat' dir='ltr'>manifestam</span> <span class='ocrx_word' id='word_1_219' title='bbox 1216 3427 1364 3495; x_wconf 90' lang='lat' dir='ltr'>Patrnm</span> 
     </span>
     <span class='ocr_line' id='line_1_31' title="bbox 196 3537 1193 3626; baseline 0 -20"><span class='ocrx_word' id='word_1_220' title='bbox 196 3539 389 3606; x_wconf 89' lang='lat' dir='ltr'>doctrinam</span> <span class='ocrx_word' id='word_1_221' title='bbox 413 3540 454 3605; x_wconf 93' lang='lat' dir='ltr'>de</span> <span class='ocrx_word' id='word_1_222' title='bbox 478 3537 694 3625; x_wconf 88' lang='lat' dir='ltr'>processione</span> <span class='ocrx_word' id='word_1_223' title='bbox 718 3560 739 3604; x_wconf 90' lang='lat' dir='ltr'>a</span> <span class='ocrx_word' id='word_1_224' title='bbox 760 3537 854 3605; x_wconf 81' lang='lat' dir='ltr'>Filio</span> <span class='ocrx_word' id='word_1_225' title='bbox 879 3544 941 3604; x_wconf 89' lang='lat' dir='ltr'>ant</span> <span class='ocrx_word' id='word_1_226' title='bbox 965 3560 1025 3626; x_wconf 88' lang='lat' dir='ltr'>por</span> <span class='ocrx_word' id='word_1_227' title='bbox 1048 3538 1193 3606; x_wconf 84' lang='lat' dir='ltr'>Filium.</span> 
     </span>
    </p>

    <p class='ocr_par' dir='ltr' id='par_1_5' title="bbox 197 3644 1460 3956">
     <span class='ocr_line' id='line_1_32' title="bbox 264 3644 1364 3734; baseline -0.002 -21"><span class='ocrx_word' id='word_1_228' title='bbox 264 3648 297 3713; x_wconf 84' lang='lat'>1⁰</span> <span class='ocrx_word' id='word_1_229' title='bbox 322 3644 564 3712; x_wconf 80' lang='lat' dir='ltr'>Tertullianus</span> <span class='ocrx_word' id='word_1_230' title='bbox 588 3644 846 3713; x_wconf 89' lang='lat' dir='ltr'>distinctionem</span> <span class='ocrx_word' id='word_1_231' title='bbox 862 3644 988 3712; x_wconf 91' lang='lat' dir='ltr'>realem</span> <span class='ocrx_word' id='word_1_232' title='bbox 1005 3646 1113 3713; x_wconf 91' lang='lat' dir='ltr'>trium</span> <span class='ocrx_word' id='word_1_233' title='bbox 1138 3665 1364 3734; x_wconf 87' lang='lat' dir='ltr'>personarum</span> 
     </span>
     <span class='ocr_line' id='line_1_33' title="bbox 197 3752 1363 3845; baseline -0.001 -24"><span class='ocrx_word' id='word_1_234' title='bbox 197 3757 419 3845; x_wconf 71' lang='lat' dir='ltr'>(druovopuuv)</span> <span class='ocrx_word' id='word_1_235' title='bbox 427 3753 566 3842; x_wconf 84' lang='lat' dir='ltr'>integra</span> <span class='ocrx_word' id='word_1_236' title='bbox 578 3762 738 3822; x_wconf 88' lang='lat' dir='ltr'>manente</span> <span class='ocrx_word' id='word_1_237' title='bbox 752 3752 1363 3842; x_wconf 86' lang='lat' dir='ltr'>unitate-substantiae,operationis,</span> 
     </span>
     <span class='ocr_line' id='line_1_34' title="bbox 198 3848 1460 3956; baseline -0.006 -20"><span class='ocrx_word' id='word_1_238' title='bbox 198 3875 234 3936; x_wconf 90' lang='lat' dir='ltr'>et</span> <span class='ocrx_word' id='word_1_239' title='bbox 250 3868 495 3937; x_wconf 87' lang='lat' dir='ltr'>dominationis</span> <span class='ocrx_word' id='word_1_240' title='bbox 509 3871 568 3954; x_wconf 81' lang='grc' dir='ltr'>(τῃ</span> <span class='ocrx_word' id='word_1_241' title='bbox 582 3868 763 3956; x_wconf 63' lang='grc' dir='ltr'>μοναρχιᾳ)</span> <span class='ocrx_word' id='word_1_242' title='bbox 772 3864 928 3931; x_wconf 87' lang='lat' dir='ltr'>defendit</span> <span class='ocrx_word' id='word_1_243' title='bbox 941 3848 1110 3932; x_wconf 81' lang='lat' dir='ltr'>adversus</span> <span class='ocrx_word' id='word_1_244' title='bbox 1122 3865 1289 3931; x_wconf 87' lang='lat' dir='ltr'>Praxeam</span> <span class='ocrx_word' id='word_1_245' title='bbox 1301 3863 1364 3949; x_wconf 88' lang='lat' dir='ltr'>(l),</span> <span class='ocrx_word' id='word_1_246' title='bbox 1458 3941 1460 3944; x_wconf 17' lang='lat'>¹</span> 
     </span>
    </p>
   </div>
   <div class='ocr_carea' id='block_1_2' title="bbox 198 3970 1367 4077">
    <p class='ocr_par' dir='ltr' id='par_1_6' title="bbox 198 3970 1367 4077">
     <span class='ocr_line' id='line_1_35' title="bbox 198 3970 1367 4077; baseline -0.009 -30"><span class='ocrx_word' id='word_1_247' title='bbox 198 3979 259 4068; x_wconf 92' lang='lat' dir='ltr'>qui</span> <span class='ocrx_word' id='word_1_248' title='bbox 275 3978 367 4046; x_wconf 87' lang='lat' dir='ltr'>sieut</span> <span class='ocrx_word' id='word_1_249' title='bbox 381 3975 515 4045; x_wconf 90' lang='lat' dir='ltr'>Noetus</span> <span class='ocrx_word' id='word_1_250' title='bbox 538 3983 574 4042; x_wconf 87' lang='lat' dir='ltr'>et</span> <span class='ocrx_word' id='word_1_251' title='bbox 591 3971 765 4040; x_wconf 89' lang='lat' dir='ltr'>Sabellius</span> <span class='ocrx_word' id='word_1_252' title='bbox 789 3971 879 4040; x_wconf 89' lang='lat' dir='ltr'>hanc</span> <span class='ocrx_word' id='word_1_253' title='bbox 896 3971 1067 4039; x_wconf 85' lang='lat' dir='ltr'>unitatem</span> <span class='ocrx_word' id='word_1_254' title='bbox 1084 3970 1121 4039; x_wconf 92' lang='lat' dir='ltr'>in</span> <span class='ocrx_word' id='word_1_255' title='bbox 1133 3973 1205 4040; x_wconf 91' lang='lat' dir='ltr'>Deo</span> <span class='ocrx_word' id='word_1_256' title='bbox 1223 3993 1284 4040; x_wconf 90' lang='lat' dir='ltr'>seu</span> <span class='ocrx_word' id='word_1_257' title='bbox 1298 3992 1367 4077; x_wconf 90' lang='lat' dir='ltr'>mo-</span> 
     </span>
    </p>
   </div>
   <div class='ocr_carea' id='block_1_3' title="bbox 200 4153 1368 4407">
    <p class='ocr_par' dir='ltr' id='par_1_7' title="bbox 200 4153 1368 4407">
     <span class='ocr_line' id='line_1_36' title="bbox 272 4153 1365 4233; baseline -0.01 -20"><span class='ocrx_word' id='word_1_258' title='bbox 272 4158 314 4233; x_wconf 88' lang='lat'>(1)</span> <span class='ocrx_word' id='word_1_259' title='bbox 333 4156 541 4212; x_wconf 76' lang='lat' dir='ltr'>Tertullianum</span> <span class='ocrx_word' id='word_1_260' title='bbox 554 4156 684 4222; x_wconf 87' lang='lat' dir='ltr'>aliosque</span> <span class='ocrx_word' id='word_1_261' title='bbox 694 4154 748 4206; x_wconf 90' lang='lat' dir='ltr'>PP.</span> <span class='ocrx_word' id='word_1_262' title='bbox 758 4155 960 4221; x_wconf 82' lang='lat' dir='ltr'>antoninaenos</span> <span class='ocrx_word' id='word_1_263' title='bbox 974 4169 1073 4217; x_wconf 29' lang='lat' dir='ltr'>verum,</span> <span class='ocrx_word' id='word_1_264' title='bbox 1082 4153 1210 4207; x_wconf 84' lang='lat' dir='ltr'>docuisse</span> <span class='ocrx_word' id='word_1_265' title='bbox 1225 4153 1365 4207; x_wconf 85' lang='lat' dir='ltr'>unitatem</span> 
     </span>
     <span class='ocr_line' id='line_1_37' title="bbox 200 4243 1368 4312; baseline -0.01 -6"><span class='ocrx_word' id='word_1_266' title='bbox 200 4252 380 4306; x_wconf 87' lang='lat' dir='ltr'>substantiae</span> <span class='ocrx_word' id='word_1_267' title='bbox 401 4249 517 4301; x_wconf 86' lang='lat' dir='ltr'>divinae</span> <span class='ocrx_word' id='word_1_268' title='bbox 537 4246 567 4298; x_wconf 89' lang='lat' dir='ltr'>in</span> <span class='ocrx_word' id='word_1_269' title='bbox 580 4246 672 4298; x_wconf 89' lang='lat' dir='ltr'>tribus</span> <span class='ocrx_word' id='word_1_270' title='bbox 691 4245 810 4296; x_wconf 86' lang='lat' dir='ltr'>realiter</span> <span class='ocrx_word' id='word_1_271' title='bbox 829 4243 978 4298; x_wconf 85' lang='lat' dir='ltr'>distinctis</span> <span class='ocrx_word' id='word_1_272' title='bbox 989 4245 1128 4312; x_wconf 87' lang='lat' dir='ltr'>personis,</span> <span class='ocrx_word' id='word_1_273' title='bbox 1142 4245 1173 4296; x_wconf 89' lang='lat' dir='ltr'>in</span> <span class='ocrx_word' id='word_1_274' title='bbox 1185 4245 1318 4297; x_wconf 69' lang='lat' dir='ltr'>&#39;tractatu</span> <span class='ocrx_word' id='word_1_275' title='bbox 1334 4243 1368 4295; x_wconf 86' lang='lat' dir='ltr'>de</span> 
     </span>
     <span class='ocr_line' id='line_1_38' title="bbox 203 4332 1367 4407; baseline -0.01 -11"><span class='ocrx_word' id='word_1_276' title='bbox 203 4343 284 4396; x_wconf 85' lang='lat' dir='ltr'>Trin.</span> <span class='ocrx_word' id='word_1_277' title='bbox 300 4342 403 4394; x_wconf 65' lang='grc'><strong>11111.</strong></span> <span class='ocrx_word' id='word_1_278' title='bbox 419 4338 470 4391; x_wconf 85' lang='lat' dir='ltr'>XI.</span> <span class='ocrx_word' id='word_1_279' title='bbox 485 4335 542 4407; x_wconf 89' lang='lat' dir='ltr'>(ed.</span> <span class='ocrx_word' id='word_1_280' title='bbox 559 4337 584 4390; x_wconf 84' lang='lat'>2.</span> <span class='ocrx_word' id='word_1_281' title='bbox 599 4351 627 4402; x_wconf 88' lang='lat' dir='ltr'>p.</span> <span class='ocrx_word' id='word_1_282' title='bbox 641 4334 702 4389; x_wconf 81' lang='lat'>155.</span> <span class='ocrx_word' id='word_1_283' title='bbox 717 4335 778 4387; x_wconf 79' lang='lat'>172.</span> <span class='ocrx_word' id='word_1_284' title='bbox 793 4332 871 4404; x_wconf 88' lang='lat' dir='ltr'>sqq.)</span> <span class='ocrx_word' id='word_1_285' title='bbox 890 4334 1146 4388; x_wconf 84' lang='lat' dir='ltr'>demonstravimus</span> <span class='ocrx_word' id='word_1_286' title='bbox 1167 4334 1305 4389; x_wconf 83' lang='lat' dir='ltr'>adversus</span> <span class='ocrx_word' id='word_1_287' title='bbox 1324 4348 1367 4385; x_wconf 90' lang='grc'>11-</span> 
     </span>
    </p>
   </div>
   <div class='ocr_carea' id='block_1_4' title="bbox 201 4423 1466 4500">
    <p class='ocr_par' dir='ltr' id='par_1_8' title="bbox 201 4423 1466 4500">
     <span class='ocr_line' id='line_1_39' title="bbox 201 4423 1466 4500; baseline -0.006 -15"><span class='ocrx_word' id='word_1_288' title='bbox 201 4434 344 4489; x_wconf 81' lang='lat' dir='ltr'>sentiores</span> <span class='ocrx_word' id='word_1_289' title='bbox 356 4428 492 4500; x_wconf 87' lang='lat' dir='ltr'>quosdam</span> <span class='ocrx_word' id='word_1_290' title='bbox 503 4427 659 4494; x_wconf 73' lang='lat' dir='ltr'>theologos,</span> <span class='ocrx_word' id='word_1_291' title='bbox 670 4440 786 4493; x_wconf 87' lang='lat' dir='ltr'>qnorum</span> <span class='ocrx_word' id='word_1_292' title='bbox 797 4427 959 4495; x_wconf 86' lang='lat' dir='ltr'>opinionem</span> <span class='ocrx_word' id='word_1_293' title='bbox 969 4428 1056 4481; x_wconf 83' lang='lat' dir='ltr'>etium</span> <span class='ocrx_word' id='word_1_294' title='bbox 1066 4427 1183 4494; x_wconf 75' lang='lat' dir='ltr'>Langon</span> <span class='ocrx_word' id='word_1_295' title='bbox 1199 4439 1275 4482; x_wconf 82' lang='lat' dir='ltr'>suam</span> <span class='ocrx_word' id='word_1_296' title='bbox 1287 4423 1367 4480; x_wconf 78' lang='lat' dir='ltr'>tecit.</span> <span class='ocrx_word' id='word_1_297' title='bbox 1459 4435 1466 4454; x_wconf 76' lang='lat'><strong><em>¹</em></strong></span> 
     </span>
    </p>
   </div>
   <div class='ocr_carea' id='block_1_5' title="bbox 0 0 1574 4988">
    <p class='ocr_par' dir='ltr' id='par_1_9' title="bbox 0 0 1574 4988">
     <span class='ocr_line' id='line_1_40' title="bbox 0 0 1574 4988; baseline 0 0"><span class='ocrx_word' id='word_1_298' title='bbox 0 0 1574 4988; x_wconf 95' lang='lat' dir='ltr'> </span> 
     </span>
    </p>
   </div>
  </div>
 </body>
</html>
