3120 4988
718 303 755 317 -
776 271 837 334 248
856 303 894 317 -

228 378 383 447 textibus
398 378 627 444 substantiam
640 380 774 462 Patris,
793 379 1023 446 substantiam
1034 376 1128 444 Filii
1143 375 1301 465 intelligi
1317 376 1391 444 sub·

229 488 397 557 stantiam
413 502 580 578 quatenus
596 485 832 577 identificatur
846 511 919 554 eum
931 487 1052 569 Patre,
1069 491 1106 554 et
1120 499 1289 576 quatenus
1305 483 1395 552 iden-

230 598 383 684 tificatur
398 619 471 662 oum
486 596 595 679 Filio,
621 620 660 665 ao
677 596 820 686 proinde
844 596 1032 665 terminum
1049 595 1262 684 complexum
1286 595 1395 682 signi·
1460 629 1487 640 -

230 702 334 772 ficare
358 704 467 793 ipsam
491 726 671 792 personam
691 706 810 773 Patris
833 713 869 774 et
890 705 990 790 Filii,
1017 704 1071 772 ita
1090 709 1206 773 tamen
1230 710 1272 772 ut
1294 703 1400 772 simul
1414 699 1511 770 ,lt

230 811 452 900 significetur
488 812 753 891 communicatio
790 818 825 880 et
860 812 981 880 unitas
1016 810 1130 900 ipsius
1164 809 1398 880 substantiae.
1427 860 1471 876 -
1493 839 1524 877 s.

233 919 372 988 «Nemo
396 920 638 1008 obstupesoat,
666 944 743 989 oum
768 920 869 989 audit
891 920 1025 988 Filium
1048 919 1114 988 Dei
1140 943 1181 987 ea
1205 919 1537 986 substantians

231 1029 298 1096 Dei
320 1051 411 1113 esse,
437 1029 497 1098 sed
529 1029 697 1097 Patribus
719 1029 913 1116 (Nioaenis)
937 1029 1055 1118 potius
1086 1029 1316 1114 assentiatur,
1343 1028 1456 1118 quii
1466 1022 1549 1096 ni

232 1137 411 1225 videlieet,
435 1145 477 1206 ut
493 1138 605 1228 ipsam
621 1139 673 1207 rei
689 1140 861 1207 notionem
877 1143 1148 1228 perpurgarent,
1166 1159 1228 1228 pro
1244 1161 1296 1225 eo,
1317 1137 1479 1229 qualib
1488 1133 1553 1204 od

231 1244 366 1313 dieitur
383 1269 424 1312 ea
441 1246 524 1327 Deo,
550 1246 750 1341 expressius
773 1252 809 1315 et
826 1245 925 1315 velut
949 1267 1053 1314 sensu
1069 1243 1240 1335 parallelo
1256 1243 1438 1333 seripse-
1452 1265 1553 1311 ee-

232 1358 330 1437 runt,
356 1376 398 1419 ea
414 1352 611 1419 substantia
626 1353 794 1443 (Patria).
820 1353 917 1422 Idem
936 1352 1026 1420 enim
1052 1341 1266 1421 censuerunt
1289 1352 1552 1420 diceres-10

198 1456 204 1471 ⁸
232 1462 386 1531 Verbum
411 1486 477 1529 esse
501 1485 541 1529 ea
556 1463 640 1546 Deo,
666 1485 707 1530 ao
725 1462 839 1531 dioere
864 1485 931 1529 esse
954 1484 995 1528 ea
1011 1460 1207 1528 substantia
1224 1461 1320 1528 Dein
1341 1461 1391 1548 (1)
1443 1459 1496 1541 (
1509 1459 1546 1539 .).

232 1569 407 1639 Athenas.
434 1571 475 1640 de
499 1571 630 1640 deerat.
655 1571 799 1641 Nioaen.
828 1595 863 1640 n.
886 1571 943 1639 22.
971 1571 1017 1638 of.
1044 1572 1086 1640 de
1111 1569 1265 1659 Synodis
1289 1593 1327 1638 n.
1349 1568 1427 1637 36-
1440 1562 1537 1632 ὃ.

232 1679 332 1748 Unde
355 1679 461 1748 etiam
485 1685 540 1748 est
562 1679 695 1749 dietum
719 1680 851 1747 celebre
875 1677 1007 1767 cyrilli
1032 1679 1202 1748 adversus
1224 1677 1532 1750 Nestoris-1³·

235 1809 317 1856 nos:
339 1808 474 1855 aunam
489 1808 565 1854 esse
581 1801 742 1853 naturam
759 1787 860 1855 Verbi
875 1787 1097 1855 incarnatam
1111 1810 1146 1875 n;
1168 1786 1336 1855 nimirum
1352 1791 1449 1874 (ur
1466 1783 1526 1844 ll

235 1896 309 1985 ipse
331 1893 487 1984 explieat
514 1895 552 1969 in
576 1894 709 1964 defens.
735 1894 949 1963 anathemat.
976 1894 1008 1962 2ἰ
1035 1901 1157 1984 eontra
1181 1893 1443 1980 theodorem
1479 1884 1517 1964 ⁴)

241 2017 405 2070 enatura
429 2003 543 2086 Verbi,
569 2005 639 2069 siva
663 2005 878 2095 hypostasis,
908 2005 967 2069 too
991 2017 1039 2069 eet
1063 2005 1175 2091 ipsum
1199 2003 1345 2071 Verbum
1359 1988 1514 2091 (ΞΕ)

237 2135 320 2182 vere
337 2113 476 2181 unitum
493 2117 548 2180 est
568 2114 739 2180 humanae
755 2119 903 2204 naturae
917 2139 934 2175 n
953 2113 1049 2200 (vide
1066 2113 1185 2181 Traot.
1205 2112 1247 2180 de
1263 2112 1500 2181 Inoarnae·

236 2217 305 2290 Th.
329 2221 508 2305 XXXV.).
528 2221 595 2288 Est
615 2219 732 2308 igitur
756 2223 829 2289 sine
854 2220 927 2289 ullo
951 2219 1057 2288 dubio
1083 2242 1167 2289 vera
1193 2226 1296 2289 etex
1320 2221 1497 2310 ipsiu!

238 2329 355 2400 verbis
371 2328 504 2396 Christi
526 2328 669 2397 evidens
686 2327 935 2417 interpretatio
952 2325 1136 2412 catholiea,
1164 2347 1268 2418 quam
1284 2327 1486 2395 Bessa-a

236 2437 313 2506 rion
330 2442 395 2525 (ep.
415 2439 459 2504 ad
478 2437 644 2506 Alexium
667 2437 846 2506 Lassarim
864 2460 893 2505 o.
910 2438 943 2506 7.
965 2436 1143 2505 Harduin.
1160 2436 1264 2504 Cone.
1284 2436 1327 2504 Τ.
1343 2436 1412 2505 ΙΧ.

236 2560 269 2637 p.‘
296 2545 398 2614 1067.
423 2545 525 2630 1068)
556 2545 609 2612 ita
632 2546 824 2635 proposuit.
847 2544 1032 2633 «Spiritus
1046 2541 1208 2612 'Sanetus
1233 2543 1370 2632 accipit
1393 2566 1422 2610 a.

236 2654 350 2742 Filio,
378 2653 441 2720 ille
457 2657 559 2735 anim,
585 2653 650 2739 ait,
677 2652 718 2720 ola
739 2678 807 2719 meo
830 2655 987 2742 accipiet.
1015 2652 1115 2734 Quod
1130 2659 1245 2720 autem
1262 2651 1412 2742 aaoipit,

237 2772 290 2831 est
313 2763 389 2830 eius
413 2762 588 2848 essentia3
614 2784 676 2830 nec
700 2761 790 2829 enim
815 2767 868 2830 est
891 2760 989 2828 aliud
1013 2761 1107 2849 ipse,
1133 2757 1234 2827 aliud
1257 2759 1337 2827 eius
1363 2781 1422 2828 es-

237 2872 374 2958 sentia;
409 2879 501 2940 esset
524 2870 615 2939 enim
640 2868 865 2959 compositum
871 2918 938 2937 .....
971 2867 1029 2934 Ita
1053 2875 1094 2936 ut
1116 2867 1188 2936 tals
1211 2867 1277 2934 fiat
1300 2889 1342 2934 ex
1369 2867 1424 2935 iis

235 2983 368 3068 (verbis
384 2980 534 3066 Christi)
559 2984 828 3068 argumentum:
856 2976 1014 3067 Spiritus
1033 2975 1170 3065 -aooipit
1192 2999 1235 3044 ex
1252 2975 1300 3043 iis
1324 2997 1420 3068 quae

236 3089 354 3157 Patris
379 3093 484 3176 sunt;
511 3088 571 3156 sed
596 3087 711 3155 omnia
734 3086 854 3154 Patris
878 3108 952 3153 mea
976 3091 1084 3172 sunt;
1111 3085 1226 3173 igitur
1251 3083 1418 3174 Spiritus

239 3197 432 3286 accipiter
456 3197 553 3282 meis,
581 3196 637 3265 vel
662 3218 703 3263 ex
727 3217 812 3262 mee.
839 3194 892 3262 Et
916 3218 988 3260 cum
1012 3195 1085 3281 ipsa
1108 3207 1140 3258 at
1165 3216 1228 3258 aaa
1251 3217 1361 3259 anum
1385 3209 1419 3262 et

239 3305 326 3372 idem
343 3309 414 3371 siat
426 3318 570 3393 propter
582 3328 745 3369 summam
761 3303 1034 3392 simplieitatem,
1054 3300 1251 3388 accipiendo
1268 3300 1315 3377 ‹te¹
1326 3305 1418 3386 sais,

240 3416 385 3502 accipiet
402 3438 443 3480 ea
460 3437 507 3482 eo.
527 3441 542 3475 n
569 3414 642 3481 Hoo
659 3413 773 3503 ipsum
789 3421 855 3497 est,
882 3413 973 3504 quod
991 3412 1152 3501 superius
1169 3416 1217 3499 (p.
1238 3409 1297 3494 53)
1322 3410 1419 3500 apud

239 3524 430 3612 Didymum
461 3522 654 3612 interprete
685 3546 714 3591 s.
740 3523 954 3610 Hieronymo
986 3520 1201 3588 declaratum
1229 3517 1420 3588 vidimus:

242 3628 392 3697 «Filius
416 3629 532 3697 eadem
556 3653 577 3698 a
600 3631 705 3697 Patre
729 3629 886 3718 aeeipere
910 3628 1059 3712 dieitur,
1087 3627 1213 3717 quibus
1236 3626 1312 3714 ipse
1337 3628 1423 3694 sub-

240 3735 355 3825 sistit;
382 3739 602 3829 nequeenim
627 3736 713 3829 qaid
736 3735 838 3803 aliud
857 3750 905 3803 est
920 3737 1051 3819 Filius,
1077 3735 1224 3825 eaoeptis
1250 3733 1305 3800 tia
1328 3759 1423 3826 quae

309 4043 350 4119 (1)
366 4043 451 4098 Ἀλλα
471 4066 512 4098 και
532 4050 636 4113 μαλλον
657 4041 829 4117 ἄποδεχεσῦω
850 4065 910 4106 τους
926 4065 1043 4117 mataps<
1057 4049 1266 4116 διακαθαραντας
1283 4064 1329 4096 τον
1351 4065 1420 4113 aava,

239 4138 388 4207 λευκοτερον
404 4157 446 4188 και
463 4136 494 4196 ὥς
511 4132 538 4188 ἔκ
553 4142 729 4206 παραλληλου
746 4159 774 4188 ra
793 4137 819 4190 ἐν.
835 4158 880 4189 του
896 4135 957 4190 ilem
974 4135 1143 4208 γραψαντας,
1157 4157 1185 4186 το
1202 4131 1228 4188 ἐκ
1250 4155 1296 4197 της
1312 4132 1419 4198 eiurat.

241 4245 336 4277 ταυτον
356 4246 407 4296 γαρ
419 4225 557 4294 ἡγησαντο
577 4231 664 4297 λεγειν
683 4223 769 4279 ἕκτου
785 4225 856 4292 θεον,
875 4247 917 4279 και
933 4247 961 4278 το
975 4233 1071 4296 λεγειν,
1091 4219 1118 4278 ἐκ
1133 4245 1179 4287 της
1194 4220 1289 4287 statar
1307 4245 1335 4277 το
1352 4223 1418 4279 Saea

240 4314 306 4369 εἶναι
327 4338 370 4368 τον
390 4323 479 4390 λογον,

311 4402 353 4479 (2)
369 4405 400 4461 ‘H
421 4427 465 4458 του
484 4413 566 4477 topos
589 4418 675 4476 eoam,
694 4407 776 4479 η’γουν
798 4408 958 4472 tutaturus,
977 4405 990 4461 ὁ
1011 4405 1080 4460 ἐστιν
1101 4404 1182 4470 αὐτος
1202 4404 1216 4461 δ
1235 4411 1326 4480 lapte.
