3120 4988
571 267 751 333 -209-

143 378 240 462 Quas
262 402 338 449 cum
363 382 414 449 ite
437 379 599 466 habeant,
614 381 791 450 Macarius
815 403 893 449 cum
917 380 992 449 suis
1008 381 1244 452 schismaticis

74 489 206 577 poterit
229 479 367 579 quidem
401 488 575 577 appellere
600 490 643 556 ad
669 489 758 556 hanc
795 486 1036 554 latrocinalem
1073 491 1243 577 synodum

74 597 160 663 anni
172 598 259 678 881),
277 605 315 664 ut
339 601 460 686 probet
476 599 640 667 Photium
658 622 756 665 suam
781 597 952 665 haeresim
967 598 1009 665 de
1027 600 1252 686 processione

76 703 234 792 Spiritus
259 705 391 787 Sancti,
419 729 521 796 quam
545 729 635 776 auno
660 707 725 773 867
749 707 785 772 18
807 705 956 792 epistola
972 707 1153 795 encyclica
1171 729 1245 795 pro·

75 811 301 895 clamaverat,
321 813 518 880 adhucdum
535 815 648 880 enimc
666 814 861 897 ritinuisse,
880 835 1021 903 eamque
1038 838 1113 883 cum
1132 816 1246 904 palam

75 919 146 986 iam
170 922 326 1008 proferre
349 922 598 1004 non‘auderet,
615 921 731 988 verbis
756 920 931 1008 ambiguis
955 922 990 988 iu
1015 922 1084 990 isto
1108 925 1245 993 decreto

74 1027 383 1120 vigintiquinque
408 1051 548 1096 suorum
573 1028 794 1096 adulatorum
819 1028 1056 1114 abscondisse;
1084 1031 1142 1098 sed
1168 1054 1245 1120 pro-

74 1135 166 1202 fecto
181 1135 366 1203 catholicis
389 1159 558 1225 opponere
577 1159 644 1204 non
659 1146 804 1224 possunt
817 1135 1097 1206 conciliabulum
1115 1138 1152 1204 iu
1168 1146 1245 1206 tote

66 1228 141 1310 *sua
164 1242 276 1311 forma
298 1253 333 1310 88
356 1244 392 1310 18
417 1244 575 1311 omnibus
599 1244 674 1312 suia
697 1243 785 1310 actis
803 1243 977 1310 nefarium
1001 1248 1106 1334 etque
1122 1243 1243 1312 Roma-

75 1371 200 1416 norum
224 1349 433 1416 Pontificum
466 1350 686 1418 anathemate
710 1349 791 1417 inde
815 1371 835 1415 a
859 1349 989 1417 Ioanne
1013 1350 1114 1418 VIII.
1140 1350 1246 1419 toties

75 1456 324 1545 proscriptum,
340 1458 411 1524 nisi
433 1480 472 1525 co
495 1458 573 1526 iure
596 1481 664 1548 quo
687 1457 909 1526 Dioscoriani
934 1481 1034 1527 suum
1052 1459 1248 1529 obtendunt

76 1563 273 1635 Concilium
296 1565 346 1632 H.
372 1564 584 1654 Ephesiuum
608 1566 674 1655 (1).·
727 1626 731 1635 ,

76 1699 240 1753 1888881818
260 1715 291 1754 88
308 1705 513 1768 persecutorem
533 1702 647 1758 decreta
665 1706 695 1758 88
707 1706 781 1758 acte.
799 1703 824 1775 b)
838 1702 942 1757 Eodem
955 1704 1039 1758 effeto
1053 1706 1082 1757 88
1094 1719 1149 1757 uno
1163 1705 1247 1758 hiatu

78 1790 231 1846 anathema
245 1792 330 1844 simul
351 1791 456 1846 dicitur
474 1795 603 1848 omnibus
615 1795 747 1861 epistolia
756 1796 867 1849 Nicolai
880 1799 980 1848 contre
991 1795 1135 1861 Photium,
1150 1793 1247 1848 Oouci·

78 1881 118 1935 lio
126 1882 268 1936 Hadriani
280 1886 309 1936 ct
321 1885 495 1938 oecumenico
505 1886 585 1950 v111;
602 1885 706 1952 hocque
721 1886 794 1952 ipso,
808 1890 843 1938 ut
854 1887 885 1938 in
896 1886 1093 1941 conciliabulo
1105 1885 1248 1952 88111879,

79 1968 198 2023 Photius
218 1970 376 2025 declaratur
406 1973 554 2037 legitimus
582 1974 748 2040 patriarcha
777 1973 845 2026 inde
869 1990 886 2027 8
916 1989 964 2029 suo
995 1974 1087 2042 primo
1115 1974 1247 2038 ingressu

81 2076 152 2114 euno
166 2060 230 2129 857,
244 2061 376 2126 Ignatius
392 2076 458 2114 vero
471 2062 642 2127 illegitimus
657 2063 774 2116 iuvesor
789 2062 865 2115 sadis
878 2065 925 2117 vel
939 2064 1007 2116 inde
1023 2080 1039 2116 e
1058 2079 1106 2116 suo
1127 2063 1244 2116 exordio

82 2165 153 2203 euno
165 2150 229 2204 846.
238 2152 285 2203 vel
298 2152 401 2203 saltem
413 2149 479 2203 inde
490 2168 507 2202 e
517 2166 567 2202 sue
579 2151 764 2204 restitutione
778 2152 923 2205 81188869.
934 2152 1013 2206 Unde
1028 2149 1053 2221 c)
1067 2152 1241 2220 praeclaram

81 2241 164 2294 istam
185 2243 322 2293 tesseram
341 2242 429 2307 pecie,
445 2256 526 2306 quam
545 2243 654 2295 Marcus
674 2241 814 2307 Ephesius
833 2242 876 2294 alt
894 2243 1037 2310 hucusque
1056 2241 1242 2297 186888888-

81 2331 276 2398 tinopolitaue
293 2332 412 2383 88818818
431 2331 578 2397 celebrari,
600 2346 679 2384 nemo
693 2334 787 2397 potest
806 2332 1005 2398 pronuntiare,
1032 2333 1100 2399 quin
1141 2333 1247 2385 bellum

80 2420 193 2474 indicat
211 2421 312 2472 Photio
332 2436 382 2486 par
400 2422 632 2488 approbationem
651 2423 770 2488 Ignatii,
792 2421 906 2486 ignatio
934 2437 984 2488 per
1015 2423 1248 2488 approbationem
1319 2431 1322 2437 “

76 2511 190 2576 Photii,
208 2510 319 2577 sibique
337 2512 397 2577 ipsi
416 2509 494 2563 dicat
511 2510 672 2576 anathema,
698 2513 803 2578 qqupc
823 2512 873 2578 qui
899 2527 955 2565 nou
983 2526 1067 2565 unum
1093 2511 1244 2565 dumtaxat

76 2603 125 2657 veI
146 2602 270 2655 alterum
289 2600 339 2653 sed
366 2603 516 2666 utrumque
547 2599 662 2653 damnet
680 2603 738 2653 tem
770 2601 913 2665 Ignatium
945 2616 1026 2667 quem
1054 2601 1196 2668 Photium,
1218 2604 1247 2654 88

71 2707 89 2737 α
105 2692 224 2759 prolate
242 2705 275 2742 ec
294 2692 402 2757 scripte
422 2691 515 2744 omnia
541 2694 640 2744 contre
668 2691 864 2744 sanctissimos
891 2690 959 2743 duos
978 2691 1158 2757 patrIerchas
1173 2712 1186 2740 n
1204 2691 1248 2743 de·

68 2779 203 2836 meando
231 2779 316 2834 simul
345 2782 484 2847 approbet
510 2781 590 2834 velut
617 2782 780 2833 iustissime
808 2778 923 2833 decreta
950 2784 1050 2835 contre
1074 2781 1245 2846 illegitimos

63 2870 148 2929 duos
166 2875 326 2926 invasores.
342 2872 415 2924 Vere
434 2870 531 2923 dicunt
550 2871 651 2924 honum
671 2870 785 2936 melum,
800 2873 830 2923 88
850 2871 952 2924 melum
980 2871 1091 2938 honum,
1115 2871 1246 2939 idemque

60 2965 162 3019 simul
182 2963 286 3016 honum
306 2964 336 3013 88
352 2962 465 3014 melum.
478 2960 537 3013 Hoc
551 2964 604 3025 est,
620 2958 691 3025 quod
707 2960 830 3013 81188888
843 2974 1000 3026 anonymus
1015 2959 1173 3013 rectissime
1189 2975 1246 3014 mo·

56 3056 142 3110 nuit
160 3053 193 3106 iu
213 3051 396 3106 adnotatione
415 3049 450 3105 ed
468 3050 554 3106 istem
573 3049 817 3116 pseudosynodum
830 3066 847 3103 e
860 3050 963 3102 Photio
976 3052 1099 3102 coactam
1115 3064 1246 3116 praeseu-

63 3144 159 3198 tibue
179 3142 286 3205 legatie
304 3141 422 3194 Ioannis
441 3140 520 3202 VIII:
546 3159 559 3186 a
575 3140 670 3207 Neque
689 3153 755 3191 vero
785 3139 876 3192 locum
907 3139 1004 3206 hebet,
1030 3138 1105 3207 quod
1133 3140 1244 3194 hiarcur

63 3231 226 3301 Ephesius
245 3230 319 3283 dicit
336 3230 367 3282 iu
381 3229 702 3294 constantinopolitana
721 3229 841 3282 ecclesie
860 3229 919 3294 legi
937 3230 1131 3283 consuevisse:
1150 3230 1249 3281 omnia

56 3310 183 3378 ⁴curura
199 3325 313 3374 sanctos
340 3318 522 3386 patriarches
548 3318 691 3383 Ignatium
720 3322 750 3371 et
777 3317 909 3371 Photium
940 3319 1048 3385 scripte
1076 3335 1108 3372 ac
1135 3319 1249 3385 prolate

66 3403 234 3467 anathema
253 3411 324 3464 sint.
339 3409 370 3461 Si
388 3408 464 3460 anim
481 3409 614 3471 Ignatius
633 3409 781 3473 legitimus
801 3410 830 3460 ct
848 3411 964 3461 sanctus
993 3407 1157 3475 patriarcha
1185 3423 1247 3474 pro·

68 3506 231 3567 clamatur,
246 3503 362 3568 propter
381 3497 455 3566 quod
473 3499 570 3566 utIque
595 3499 689 3552 omnia
708 3502 807 3552 contra
826 3499 919 3564 ipsum
939 3502 1003 3552 ecte
1021 3500 1097 3552 18888
1115 3499 1251 3552 damnate

70 3598 151 3654 nunt
170 3596 201 3646 et
218 3591 379 3659 reprobate,
401 3588 574 3642 omnimodo
594 3604 706 3643 necessa
726 3592 771 3643 888
790 3589 903 3644 decreta
928 3593 1027 3644 contre
1045 3590 1178 3647 Photium
1203 3590 1248 3650 fir·

70 3705 124 3742 rue
144 3697 309 3754 permanare
329 3696 360 3733 ec
379 3684 452 3747 rate,
474 3679 700 3747 quandoquidem
712 3680 831 3732 Photius
846 3680 940 3734 omnia
953 3683 1014 3746 egit
1026 3679 1063 3734 ad
1080 3681 1249 3735 calumniam

75 3783 111 3832 88
129 3774 394 3832 condemnationem
413 3770 523 3836 Ignatii
542 3772 658 3838 eiusque
677 3770 828 3823 electionis
844 3791 856 3819 n
873 3767 977 3840 (118881
990 3770 1066 3824 XVI.
1084 3787 1112 3837 p.
1125 3767 1211 3840 477.).

155 3854 200 3937 (1)
219 3861 357 3918 Macarius
377 3858 585 3931 (Introduction
606 3861 650 3910 etc
669 3875 696 3925 p.
713 3856 778 3927 tec)
797 3858 882 3910 audet
910 3859 1032 3925 exigere,
1055 3862 1087 3911 ut
1117 3859 1252 3915 catholici

84 3957 213 4026 ailquem
231 3953 430 4008 auctorItetem
448 3950 605 4014 agnoscant
619 3950 649 3999 in
663 3948 720 4000 Isto
732 3947 927 4000 (touciliebulo
941 3948 1011 4001 enni
1024 3949 1085 4015 880,
1102 3948 1175 4016 quod
1188 3951 1251 4017 ipse

87 4045 132 4119 (ut
148 4041 287 4112 vidimus)
306 4040 457 4095 confundit
474 4056 535 4093 cnm
555 4040 647 4091 altero
666 4039 818 4092 latrocinio
837 4039 981 4092 81181867.
997 4040 1149 4106 Postquam
1163 4042 1250 4094 881881

92 4151 121 4188 ec
135 4136 240 4189 iterum
253 4131 420 4197 inculcavit,
433 4130 559 4184 68881118
575 4128 743 4182 iuterfuiase
757 4129 867 4193 legatos
879 4129 996 4182 Ioannis
1010 4129 1080 4182 VIII
1093 4128 1250 4196 PontIflcia,

93 4225 153 4278 tude
172 4225 203 4276 in
223 4228 291 4277 uota
310 4223 439 4277 subiecta
456 4219 609 4273 concludit:
627 4220 695 4271 ales
715 4220 858 4272 tcrivaIns
876 4219 1001 4280 romulus
1016 4234 1051 4271 nc
1066 4215 1251 4294 s'exprImeht

99 4312 160 4368 donc
178 4330 230 4382 pes
243 4313 325 4372 d'uue
340 4311 466 4364 18881818
485 4312 672 4374 tres-exacte,
690 4308 785 4375 quand
804 4309 843 4362 ils
857 4308 962 4376 dIsent,
979 4325 1032 4376 quo
1047 4325 1119 4363 nous
1133 4304 1249 4364 u'avcns

98 4403 185 4457 81881
203 4418 323 4472 opposer
341 4401 379 4455 181
400 4416 450 4468 que
471 4401 497 4452 18
517 4399 613 4452 decrat
631 4398 668 4451 du
687 4397 800 4453 68118118
821 4398 1000 4468 1181111888.»

150 4507 490 4580 maismacenses.
510 4516 620 4580 Spiritus
636 4516 733 4568 Sancti.
808 4504 814 4509 ’
1095 4515 1125 4565 u
1227 4555 1228 4559 ,
