3158 4980
695 303 733 344 -'-
755 295 814 362 270
836 331 874 345 -

199 406 414 492 Gennadius,
441 406 646 474 Hormisdas
670 406 714 474 ad
739 407 916 474 Iustinum
939 406 1184 496 imperatorem
1211 407 1416 492 orientis,r
1450 453 1458 486 ,

198 514 435 602 Fulgentius,
462 514 656 583 Concilium
680 512 910 581 Hatfeldense
935 515 999 580 sub
1024 513 1203 581 Theodoro
1235 513 1469 580 natione-e

200 629 236 691 et
258 621 455 690 eruditione
479 643 626 709 graeco,
654 603 823 688 'darasius
859 622 1073 710 approbante
1097 621 1253 690 Concilio
1276 621 1361 689 VII.
1430 670 1475 704 -,

201 729 358 818 synodus
379 727 648 812 Foroiuliensis,
675 729 822 795 Carolus
845 729 909 813 M,
935 729 1137 797 Hadrianus
1153 729 1199 812 I.,
1219 729 1290 798 Leo
1307 729 1365 796 III
1399 727 1471 794 Ἰ

267 837 370 904 Nunc
393 858 542 927 quaeso,
570 829 648 904 cum
672 838 811 904 saeculo
835 837 900 905 IX.
928 837 1098 905 adversus
1121 837 1212 905 hano
1237 838 1380 907 univer·
1395 861 1475 906 ’.π

201 943 307 1012 salem
332 944 625 1032 praedicationem
641 945 791 1034 primum
816 944 1051 1012 contradictio
1067 944 1191 1012 audita
1208 951 1276 1031 est,
1296 947 1475 1037 quiebi

158 1098 162 1106 ·
201 1056 275 1117 tum
301 1047 456 1138 singulis
481 1050 667 1118 catholicis
684 1051 884 1119 doctoribus
900 1057 976 1118 tum
994 1052 1061 1118 toti
1078 1052 1260 1120 Ecclesiae
1275 1075 1475 1142 agen—s·

201 1163 281 1230 dum
306 1160 410 1228 erat?
433 1158 610 1228 Nimirum
638 1158 1017 1253 secundumlregulam
1041 1182 1143 1249 quam
1167 1160 1463 1233 Vincentiuoed

200 1266 399 1336 Lirinensis
416 1293 432 1329 a
448 1288 467 1332 a
481 1264 749 1355 quamplurimis
766 1264 957 1332 sanctitate
972 1270 1009 1332 et
1021 1264 1183 1333 doctrina
1198 1276 1452 1356 praestan—

201 1374 297 1441 tibus
315 1372 432 1440 virisn
452 1372 616 1440 didicisse
640 1394 676 1439 se
692 1373 766 1454 ait,
796 1371 1022 1438 «Christiani
1046 1374 1214 1441 catholici
1239 1397 1417 1464 operam

204 1481 347 1563 dabant,
374 1488 415 1545 ut
440 1479 586 1548 collatas
611 1481 763 1575 interse
786 1479 956 1546 maiorum
980 1481 1203 1549 consulerent
1232 1481 1409 1550 interro-

204 1594 398 1678 garentque
423 1588 627 1671 sententias,
654 1609 771 1655 eorum
797 1587 1008 1672 dumtaxat,
1036 1588 1096 1680 qui
1121 1589 1276 1658 diversis
1301 1591 1391 1661 licet

204 1696 418 1784 temporibus
442 1702 476 1763 et
511 1695 600 1763 locis
627 1695 664 1761 in
689 1696 794 1768 unius
831 1702 948 1763 tamen
972 1697 1151 1767 Ecclesiae
1186 1699 1385 1773 catholicae

205 1804 442 1876 communione
465 1809 719 1893 permanentes,
743 1803 908 1892 magistri
932 1805 1129 1892 probabiles
1154 1808 1377 1896 exstiterant

204 1923 240 1985 et
263 1915 433 2007 quidquid
456 1937 524 1980 non
549 1935 641 1980 unus
665 1917 729 1978 aut
751 1911 819 1979 duo
845 1917 996 1996 tantum,
1023 1915 1081 1982 sed
1106 1938 1224 1983 omnes
1248 1919 1379 2007 pariter

207 2046 275 2091 uno
299 2022 482 2110 eodemque
507 2041 674 2086 consensu
699 2025 840 2106 aperte,
867 2017 1087 2110 frequenter,
1114 2035 1380 2109 perseveranter

209 2129 376 2215 tenuisse,
403 2127 598 2216 scripsisse,
615 2120 785 2193 ’docuisse
809 2134 1060 2213 cognoverunt,
1087 2127 1124 2195 id
1145 2128 1218 2196 ¹sibi
1247 2155 1381 2224 quoqne

211 2236 461 2325 intelligebant
484 2236 612 2325 absque
629 2234 704 2301 ulla
720 2232 937 2302 dubitatione
955 2235 1163 2303 credendum
1179 2263 1196 2299 1
1216 2238 1382 2325 (Commo.

210 2346 318 2414 nitor.
336 2367 371 2412 1.
390 2342 423 2411 3.
440 2343 525 2429 27.).
547 2371 563 2407 a
581 2341 718 2411 Christi
741 2365 823 2410 vero
839 2342 998 2411 Ecclesia
1015 2345 1137 2412 sedula
1152 2353 1187 2413 et
1203 2357 1312 2415 cauta
1329 2350 1385 2418 de·

207 2452 400 2542 positorum
424 2452 518 2540 apud
543 2473 578 2519 se
602 2451 803 2539 dogmatum
839 2459 956 2519 custos
991 2452 1083 2518 omni
1116 2453 1297 2522 industria
1321 2456 1384 2525 hoo

208 2581 312 2626 unum
338 2558 470 2642 studet,
490 2564 531 2625 ut
555 2562 676 2625 vetera
700 2556 852 2624 fideliter
876 2555 1119 2647 sapienterque
1137 2562 1338 2646 tractando,
1356 2563 1387 2632 si

208 2686 276 2758 qua
300 2672 383 2733 sunt
406 2664 472 2733 illa
495 2665 697 2754 antiquitus
721 2664 911 2731 informata
934 2671 969 2732 et
992 2665 1169 2752 inchoata,
1188 2678 1332 2739 accuret
1348 2677 1386 2739 et

207 2774 341 2862 poliat;
368 2772 398 2839 si
424 2794 493 2864 qua
516 2773 584 2838 iam
608 2793 772 2860 expressa
796 2780 831 2839 et
855 2773 1056 2858 enucleata,
1083 2776 1301 2861 consolidet,
1327 2779 1386 2846 fir·

108 2952 111 2956 ,
208 2891 296 2969 1111;
324 2882 355 2948 si
379 2905 448 2972 qua
472 2882 540 2948 iam
567 2883 771 2949 confirmata
787 2889 823 2948 et
840 2879 996 2965 definita,
1016 2883 1203 2952 custodiat.
1224 2886 1386 2978 Denique

208 2989 293 3080 quid
318 3010 480 3078 umquam
505 2987 602 3055 aliud
627 2987 863 3055 Conciliorum
888 2988 1038 3056 decretis
1056 2991 1153 3056 enisa
1169 2997 1237 3075 est,
1256 2992 1329 3061 nisi
1347 3000 1388 3063 ut

209 3097 300 3189 quod
323 3105 428 3163 antea
445 3096 654 3184 simpliciter
671 3097 891 3179 credebatur,
912 3097 975 3165 hoc
992 3096 1083 3166 idem
1100 3109 1218 3188 postea
1235 3101 1389 3191 diligen-

208 3205 282 3273 tius
306 3205 519 3289 crederetur3
536 3205 626 3294 quod
644 3212 747 3270 antea
763 3204 895 3271 lentius
911 3206 1194 3294 praedicabatur,
1215 3207 1280 3278 hoc
1298 3210 1387 3278 idern

209 3320 329 3402 postea
353 3311 547 3378 instantius
572 3311 855 3400 praedicaretur;
882 3313 972 3403 quod
990 3323 1094 3380 antea
1112 3315 1273 3384 securius
1298 3317 1387 3386 cole·

210 3423 325 3501 batur,
337 3419 402 3487 hoc
414 3419 505 3487 idem
519 3427 638 3507 postea
653 3418 844 3486 sollicitius
857 3420 1123 3488 excoleretur'lr
1136 3422 1237 3507 (ibid.
1252 3447 1287 3490 n.
1297 3424 1385 3510 23.).

278 3527 367 3596 Sane
392 3527 422 3594 si
445 3527 616 3615 professio
634 3527 670 3593 in
688 3528 868 3616 symbolis,
885 3528 1044 3595 delinitio
1069 3529 1105 3595 in
1121 3531 1294 3599 Conciliis
1311 3543 1386 3600 tum

212 3693 454 3760 explicationem:
486 3690 647 3744 aChristus
666 3707 700 3742 ex
719 3694 804 3744 Patre
824 3692 946 3743 creditur
972 3694 1046 3745 Deus
1065 3692 1099 3744 dc
1119 3694 1176 3745 Deo
1202 3698 1233 3746 et
1255 3695 1384 3764 Spiritus

211 3783 331 3837 Sanctus
350 3798 385 3833 ex
405 3783 533 3848 Christo,
556 3783 619 3834 eive
639 3782 673 3833 ab
694 3786 829 3848 utroque,
851 3782 925 3835 sicut
945 3781 1025 3835 docet
1045 3783 1107 3849 ipse
1127 3783 1279 3853 Christus,
1302 3789 1351 3854 qui
1368 3806 1385 3839 1

211 3872 298 3924 Patre
311 3872 449 3937 procedit,
473 3877 502 3924 11
520 3871 566 3922 bic
586 3872 619 3921 de
636 3888 693 3922 1111
715 3872 868 3936 accipiet.»
890 3871 968 3924 lllnd
987 3874 1018 3923 in
1038 3873 1165 3938 symbolo
1186 3895 1215 3925 11
1237 3897 1342 3946 ascopa
1360 3873 1385 3930 ἐκ

213 3983 258 4015 του
281 3961 554 4032 111111111111111111,
576 3964 747 4028 parallelum
762 3967 806 4015 est
826 3962 912 4015 alteri
932 3978 960 4014 n.
977 3961 1021 4029 67,
1042 3967 1155 4032 Χριστος
1177 3961 1267 4018 ἕκτου
1289 3987 1385 4033 πατρος

213 4070 367 4103 accreverat
392 4071 435 4102 και
458 4071 485 4100 ro
507 4070 612 4119 πνευμα
632 4048 658 4102 ἔκ
680 4071 725 4102 rou
745 4046 1243 4120 Χριστου,ἦπαρ’1ὶμζοτερων.1111111
1263 4051 1387 4107 dissimi-

212 4141 268 4192 lem
287 4138 407 4191 formsm
427 4139 587 4207 praesefert
605 4141 736 4206 Gregorii
749 4142 875 4207 Nysseni
895 4140 1051 4207 sententis,
1073 4140 1107 4192 de
1127 4156 1182 4208 qua
1201 4142 1385 4197 11111111.

213 4228 358 4280 diximus:
386 4250 414 4279 το
436 4234 462 4281 δε
483 4228 559 4298 aptos
581 4251 684 4300 πνευμα
708 4252 751 4282 και
773 4230 799 4282 ἐκ
821 4250 865 4281 roo
888 4250 985 4299 πατρος
1005 4236 1130 4298 λεγεται,
1154 4251 1197 4280 και
1218 4227 1245 4282 ἔκ
1266 4251 1312 4283 roa
1333 4233 1386 4287 1111

213 4321 277 4374 iuvas
298 4317 549 4390 προσμαρτυρεῖται,
574 4342 586 4367 a
602 4322 728 4389 Spiritus
746 4321 867 4374 Sanctus
887 4323 917 4373 11
935 4335 970 4371 ex
984 4321 1070 4373 Patre
1089 4318 1197 4373 dicitnr
1215 4324 1246 4372 st
1264 4336 1299 4374 cx
1311 4323 1387 4375 Filio

215 4426 277 4465 esee
298 4411 384 4464 simul
403 4411 622 4467 confirmatur.»
