<?xml version="1.0" encoding="UTF-8"?>
<!DOCTYPE html PUBLIC "-//W3C//DTD XHTML 1.0 Transitional//EN"
    "http://www.w3.org/TR/xhtml1/DTD/xhtml1-transitional.dtd">
<html xmlns="http://www.w3.org/1999/xhtml" xml:lang="en" lang="en">
 <head>
  <title>
</title>
<meta http-equiv="Content-Type" content="text/html;charset=utf-8" />
  <meta name='ocr-system' content='tesseract 3.04.00' />
  <meta name='ocr-capabilities' content='ocr_page ocr_carea ocr_par ocr_line ocrx_word'/>
</head>
<body>
  <div class='ocr_page' id='page_1' title='image "./ioannisbaptfran00frangoog_0206.png"; bbox 0 0 3158 4980; ppageno 0'>
   <div class='ocr_carea' id='block_1_1' title="bbox 17 297 1387 3943">
    <p class='ocr_par' dir='ltr' id='par_1_1' title="bbox 17 297 1387 3943">
     <span class='ocr_line' id='line_1_1' title="bbox 610 297 794 362; baseline 0 -1"><span class='ocrx_word' id='word_1_1' title='bbox 610 297 794 362; x_wconf 76' lang='grc'>-201-</span> 
     </span>
     <span class='ocr_line' id='line_1_2' title="bbox 42 394 1286 491; baseline 0.006 -30"><span class='ocrx_word' id='word_1_2' title='bbox 42 394 272 479; x_wconf 65' lang='lat' dir='ltr'>eundem,</span> <span class='ocrx_word' id='word_1_3' title='bbox 295 418 397 486; x_wconf 91' lang='lat' dir='ltr'>quem</span> <span class='ocrx_word' id='word_1_4' title='bbox 422 397 575 467; x_wconf 88' lang='lat' dir='ltr'>vidimus</span> <span class='ocrx_word' id='word_1_5' title='bbox 598 400 636 468; x_wconf 94' lang='lat' dir='ltr'>in</span> <span class='ocrx_word' id='word_1_6' title='bbox 659 400 915 491; x_wconf 75' lang='lat' dir='ltr'>proscriptione</span> <span class='ocrx_word' id='word_1_7' title='bbox 938 400 1089 490; x_wconf 87' lang='lat' dir='ltr'>symboli</span> <span class='ocrx_word' id='word_1_8' title='bbox 1114 399 1286 468; x_wconf 80' lang='lat' dir='ltr'>Theodori</span> 
     </span>
     <span class='ocr_line' id='line_1_3' title="bbox 40 501 1288 598; baseline 0.006 -28"><span class='ocrx_word' id='word_1_9' title='bbox 40 501 350 593; x_wconf 63' lang='lat' dir='ltr'>Edopsuosteni</span> <span class='ocrx_word' id='word_1_10' title='bbox 373 528 395 574; x_wconf 91' lang='lat' dir='ltr'>a</span> <span class='ocrx_word' id='word_1_11' title='bbox 417 508 486 577; x_wconf 88' lang='lat' dir='ltr'>PP.</span> <span class='ocrx_word' id='word_1_12' title='bbox 504 508 694 598; x_wconf 88' lang='lat' dir='ltr'>Ephesinis</span> <span class='ocrx_word' id='word_1_13' title='bbox 709 517 745 579; x_wconf 90' lang='lat' dir='ltr'>et</span> <span class='ocrx_word' id='word_1_14' title='bbox 768 510 806 578; x_wconf 93' lang='lat' dir='ltr'>in</span> <span class='ocrx_word' id='word_1_15' title='bbox 829 510 911 578; x_wconf 89' lang='lat' dir='ltr'>aliis</span> <span class='ocrx_word' id='word_1_16' title='bbox 927 510 1144 580; x_wconf 78' lang='lat' dir='ltr'><strong>documentis</strong></span> <span class='ocrx_word' id='word_1_17' title='bbox 1168 509 1288 578; x_wconf 87' lang='lat' dir='ltr'>satho-</span> 
     </span>
     <span class='ocr_line' id='line_1_4' title="bbox 48 607 1288 707; baseline 0.008 -31"><span class='ocrx_word' id='word_1_18' title='bbox 48 607 195 679; x_wconf 76' lang='lat' dir='ltr'>:licis</span> <span class='ocrx_word' id='word_1_19' title='bbox 217 634 433 702; x_wconf 86' lang='lat' dir='ltr'>expressum,</span> <span class='ocrx_word' id='word_1_20' title='bbox 454 618 495 683; x_wconf 89' lang='lat' dir='ltr'>ut</span> <span class='ocrx_word' id='word_1_21' title='bbox 517 617 758 685; x_wconf 88' lang='lat' dir='ltr'>tantummodo</span> <span class='ocrx_word' id='word_1_22' title='bbox 780 617 1011 707; x_wconf 78' lang='lat' dir='ltr'><strong>prohibeatur</strong></span> <span class='ocrx_word' id='word_1_23' title='bbox 1035 617 1188 686; x_wconf 88' lang='lat' dir='ltr'>mutatio</span> <span class='ocrx_word' id='word_1_24' title='bbox 1210 616 1288 686; x_wconf 92' lang='lat' dir='ltr'>ille·</span> 
     </span>
     <span class='ocr_line' id='line_1_5' title="bbox 73 717 1287 815; baseline 0.008 -31"><span class='ocrx_word' id='word_1_25' title='bbox 73 717 242 806; x_wconf 64' lang='lat' dir='ltr'>⁴gitima</span> <span class='ocrx_word' id='word_1_26' title='bbox 266 720 417 808; x_wconf 85' lang='lat' dir='ltr'>symboli</span> <span class='ocrx_word' id='word_1_27' title='bbox 434 722 492 790; x_wconf 85' lang='lat' dir='ltr'>vel</span> <span class='ocrx_word' id='word_1_28' title='bbox 515 722 653 792; x_wconf 90' lang='lat' dir='ltr'>omnino</span> <span class='ocrx_word' id='word_1_29' title='bbox 676 725 883 813; x_wconf 78' lang='lat' dir='ltr'>depravatio</span> <span class='ocrx_word' id='word_1_30' title='bbox 907 748 969 815; x_wconf 90' lang='lat' dir='ltr'>per</span> <span class='ocrx_word' id='word_1_31' title='bbox 981 724 1179 794; x_wconf 88' lang='lat' dir='ltr'>additiones</span> <span class='ocrx_word' id='word_1_32' title='bbox 1194 747 1287 794; x_wconf 90' lang='lat' dir='ltr'>erro-</span> 
     </span>
     <span class='ocr_line' id='line_1_6' title="bbox 86 828 1289 921; baseline 0.006 -28"><span class='ocrx_word' id='word_1_33' title='bbox 86 849 210 896; x_wconf 81' lang='lat' dir='ltr'>:neas</span> <span class='ocrx_word' id='word_1_34' title='bbox 236 828 310 896; x_wconf 91' lang='lat' dir='ltr'>Imo</span> <span class='ocrx_word' id='word_1_35' title='bbox 335 830 449 900; x_wconf 90' lang='lat' dir='ltr'>videri</span> <span class='ocrx_word' id='word_1_36' title='bbox 484 838 600 921; x_wconf 87' lang='lat' dir='ltr'>posset</span> <span class='ocrx_word' id='word_1_37' title='bbox 623 832 660 900; x_wconf 89' lang='lat' dir='ltr'>in</span> <span class='ocrx_word' id='word_1_38' title='bbox 683 831 857 900; x_wconf 89' lang='lat' dir='ltr'>Photiana</span> <span class='ocrx_word' id='word_1_39' title='bbox 880 832 950 900; x_wconf 89' lang='lat' dir='ltr'>ista</span> <span class='ocrx_word' id='word_1_40' title='bbox 974 832 1177 902; x_wconf 89' lang='lat' dir='ltr'>definitione</span> <span class='ocrx_word' id='word_1_41' title='bbox 1200 832 1289 901; x_wconf 90' lang='lat' dir='ltr'>satis</span> 
     </span>
     <span class='ocr_line' id='line_1_7' title="bbox 94 933 1289 1022; baseline 0.005 -21"><span class='ocrx_word' id='word_1_42' title='bbox 94 933 286 1022; x_wconf 68' lang='lat' dir='ltr'>indicari,</span> <span class='ocrx_word' id='word_1_43' title='bbox 313 939 406 1008; x_wconf 90' lang='lat' dir='ltr'>siout</span> <span class='ocrx_word' id='word_1_44' title='bbox 429 940 472 1007; x_wconf 90' lang='lat' dir='ltr'>ad</span> <span class='ocrx_word' id='word_1_45' title='bbox 497 940 682 1008; x_wconf 80' lang='lat' dir='ltr'>formulam</span> <span class='ocrx_word' id='word_1_46' title='bbox 707 940 894 1012; x_wconf 90' lang='lat' dir='ltr'>Nicaenam</span> <span class='ocrx_word' id='word_1_47' title='bbox 925 941 1089 1012; x_wconf 88' lang='lat' dir='ltr'>canonice</span> <span class='ocrx_word' id='word_1_48' title='bbox 1113 943 1210 1010; x_wconf 85' lang='lat' dir='ltr'>facta</span> <span class='ocrx_word' id='word_1_49' title='bbox 1233 944 1289 1008; x_wconf 89' lang='lat' dir='ltr'>est</span> 
     </span>
     <span class='ocr_line' id='line_1_8' title="bbox 114 1041 1289 1138; baseline 0.005 -28"><span class='ocrx_word' id='word_1_50' title='bbox 114 1041 251 1112; x_wconf 88' lang='lat' dir='ltr'>additio</span> <span class='ocrx_word' id='word_1_51' title='bbox 275 1045 311 1112; x_wconf 93' lang='lat' dir='ltr'>in</span> <span class='ocrx_word' id='word_1_52' title='bbox 335 1047 492 1116; x_wconf 81' lang='lat' dir='ltr'>Concilio</span> <span class='ocrx_word' id='word_1_53' title='bbox 514 1049 571 1133; x_wconf 88' lang='lat'>11,</span> <span class='ocrx_word' id='word_1_54' title='bbox 599 1048 652 1117; x_wconf 93' lang='lat' dir='ltr'>ita</span> <span class='ocrx_word' id='word_1_55' title='bbox 675 1072 806 1138; x_wconf 84' lang='lat' dir='ltr'>sempor</span> <span class='ocrx_word' id='word_1_56' title='bbox 836 1070 910 1117; x_wconf 89' lang='lat' dir='ltr'>osse</span> <span class='ocrx_word' id='word_1_57' title='bbox 938 1049 1058 1117; x_wconf 88' lang='lat' dir='ltr'>licitas</span> <span class='ocrx_word' id='word_1_58' title='bbox 1090 1047 1289 1116; x_wconf 89' lang='lat' dir='ltr'>additiones</span> 
     </span>
     <span class='ocr_line' id='line_1_9' title="bbox 117 1151 1290 1249; baseline 0.003 -31"><span class='ocrx_word' id='word_1_59' title='bbox 117 1173 177 1239; x_wconf 89' lang='lat' dir='ltr'>per</span> <span class='ocrx_word' id='word_1_60' title='bbox 201 1151 397 1242; x_wconf 74' lang='lat' dir='ltr'>legitimam</span> <span class='ocrx_word' id='word_1_61' title='bbox 420 1162 638 1246; x_wconf 85' lang='lat' dir='ltr'>potestatem,</span> <span class='ocrx_word' id='word_1_62' title='bbox 657 1159 793 1249; x_wconf 88' lang='lat' dir='ltr'>quoties</span> <span class='ocrx_word' id='word_1_63' title='bbox 809 1180 899 1226; x_wconf 90' lang='lat' dir='ltr'>nova</span> <span class='ocrx_word' id='word_1_64' title='bbox 914 1157 1069 1226; x_wconf 89' lang='lat' dir='ltr'>haeresis</span> <span class='ocrx_word' id='word_1_65' title='bbox 1092 1156 1217 1225; x_wconf 89' lang='lat' dir='ltr'>reddat</span> <span class='ocrx_word' id='word_1_66' title='bbox 1231 1177 1290 1222; x_wconf 89' lang='lat' dir='ltr'>ne·</span> 
     </span>
     <span class='ocr_line' id='line_1_10' title="bbox 118 1254 1289 1355; baseline 0.004 -29"><span class='ocrx_word' id='word_1_67' title='bbox 118 1260 306 1330; x_wconf 76' lang='lat' dir='ltr'>cessariam</span> <span class='ocrx_word' id='word_1_68' title='bbox 339 1263 542 1353; x_wconf 73' lang='lat' dir='ltr'>explicitam</span> <span class='ocrx_word' id='word_1_69' title='bbox 571 1254 820 1355; x_wconf 83' lang='lat' dir='ltr'>professionem</span> <span class='ocrx_word' id='word_1_70' title='bbox 851 1266 1003 1334; x_wconf 89' lang='lat' dir='ltr'>alicuius</span> <span class='ocrx_word' id='word_1_71' title='bbox 1027 1265 1173 1334; x_wconf 88' lang='lat' dir='ltr'>articuli</span> <span class='ocrx_word' id='word_1_72' title='bbox 1206 1263 1289 1332; x_wconf 90' lang='lat' dir='ltr'>fidei</span> 
     </span>
     <span class='ocr_line' id='line_1_11' title="bbox 117 1371 1289 1443; baseline 0 -5"><span class='ocrx_word' id='word_1_73' title='bbox 117 1371 321 1441; x_wconf 89' lang='lat' dir='ltr'>catholicae.</span> <span class='ocrx_word' id='word_1_74' title='bbox 337 1373 394 1441; x_wconf 90' lang='lat' dir='ltr'>Ita</span> <span class='ocrx_word' id='word_1_75' title='bbox 409 1373 500 1441; x_wconf 91' lang='lat' dir='ltr'>enim</span> <span class='ocrx_word' id='word_1_76' title='bbox 517 1373 622 1442; x_wconf 91' lang='lat' dir='ltr'>habet</span> <span class='ocrx_word' id='word_1_77' title='bbox 634 1373 845 1443; x_wconf 89' lang='lat' dir='ltr'>Photiannm</span> <span class='ocrx_word' id='word_1_78' title='bbox 868 1374 965 1443; x_wconf 90' lang='lat' dir='ltr'>istud</span> <span class='ocrx_word' id='word_1_79' title='bbox 982 1375 1172 1442; x_wconf 88' lang='lat' dir='ltr'>decretum.</span> <span class='ocrx_word' id='word_1_80' title='bbox 1194 1372 1289 1438; x_wconf 76' lang='lat' dir='ltr'>clam</span> 
     </span>
     <span class='ocr_line' id='line_1_12' title="bbox 118 1479 1289 1574; baseline -0.001 -28"><span class='ocrx_word' id='word_1_81' title='bbox 118 1479 199 1547; x_wconf 89' lang='lat' dir='ltr'>olim</span> <span class='ocrx_word' id='word_1_82' title='bbox 224 1502 245 1546; x_wconf 93' lang='lat' dir='ltr'>a</span> <span class='ocrx_word' id='word_1_83' title='bbox 267 1481 435 1549; x_wconf 88' lang='lat' dir='ltr'>Patribus</span> <span class='ocrx_word' id='word_1_84' title='bbox 458 1488 495 1550; x_wconf 92' lang='lat' dir='ltr'>et</span> <span class='ocrx_word' id='word_1_85' title='bbox 518 1505 627 1574; x_wconf 89' lang='lat' dir='ltr'>usque</span> <span class='ocrx_word' id='word_1_86' title='bbox 650 1482 694 1550; x_wconf 91' lang='lat' dir='ltr'>ad</span> <span class='ocrx_word' id='word_1_87' title='bbox 718 1505 781 1551; x_wconf 86' lang='lat' dir='ltr'>nos</span> <span class='ocrx_word' id='word_1_88' title='bbox 804 1482 1001 1551; x_wconf 84' lang='lat' dir='ltr'>derivatam</span> <span class='ocrx_word' id='word_1_89' title='bbox 1017 1480 1289 1550; x_wconf 78' lang='lat' dir='ltr'>sincerissimam</span> 
     </span>
     <span class='ocr_line' id='line_1_13' title="bbox 117 1585 1387 1679; baseline 0.002 -27"><span class='ocrx_word' id='word_1_90' title='bbox 117 1585 198 1656; x_wconf 88' lang='lat' dir='ltr'>fidei</span> <span class='ocrx_word' id='word_1_91' title='bbox 210 1587 427 1658; x_wconf 80' lang='lat' dir='ltr'>christianae</span> <span class='ocrx_word' id='word_1_92' title='bbox 440 1589 676 1659; x_wconf 88' lang='lat' dir='ltr'>definitionem</span> <span class='ocrx_word' id='word_1_93' title='bbox 693 1596 807 1659; x_wconf 93' lang='lat' dir='ltr'>mente</span> <span class='ocrx_word' id='word_1_94' title='bbox 824 1596 860 1659; x_wconf 91' lang='lat' dir='ltr'>et</span> <span class='ocrx_word' id='word_1_95' title='bbox 872 1590 996 1679; x_wconf 86' lang='lat' dir='ltr'>lingua</span> <span class='ocrx_word' id='word_1_96' title='bbox 1012 1589 1288 1679; x_wconf 85' lang='lat' dir='ltr'>complectimur,</span> <span class='ocrx_word' id='word_1_97' title='bbox 1386 1643 1387 1647; x_wconf 15' lang='grc' dir='ltr'>η</span> 
     </span>
     <span class='ocr_line' id='line_1_14' title="bbox 17 1695 1290 1783; baseline 0.002 -23"><span class='ocrx_word' id='word_1_98' title='bbox 17 1698 25 1705; x_wconf 85' lang='grc'><strong>”</strong></span> <span class='ocrx_word' id='word_1_99' title='bbox 117 1701 148 1762; x_wconf 90' lang='lat' dir='ltr'>et</span> <span class='ocrx_word' id='word_1_100' title='bbox 170 1696 331 1765; x_wconf 86' lang='lat' dir='ltr'>omnihus</span> <span class='ocrx_word' id='word_1_101' title='bbox 349 1696 445 1765; x_wconf 89' lang='lat' dir='ltr'>clara</span> <span class='ocrx_word' id='word_1_102' title='bbox 461 1720 544 1766; x_wconf 87' lang='lat' dir='ltr'>voce</span> <span class='ocrx_word' id='word_1_103' title='bbox 559 1698 823 1783; x_wconf 86' lang='lat' dir='ltr'>annuntiamus,</span> <span class='ocrx_word' id='word_1_104' title='bbox 837 1699 929 1766; x_wconf 92' lang='lat' dir='ltr'>nihil</span> <span class='ocrx_word' id='word_1_105' title='bbox 943 1696 1180 1781; x_wconf 89' lang='lat' dir='ltr'>detrahentes,</span> <span class='ocrx_word' id='word_1_106' title='bbox 1196 1695 1290 1763; x_wconf 94' lang='lat' dir='ltr'>nihil</span> 
     </span>
     <span class='ocr_line' id='line_1_15' title="bbox 118 1803 1292 1892; baseline 0.001 -21"><span class='ocrx_word' id='word_1_107' title='bbox 118 1803 306 1888; x_wconf 79' lang='lat' dir='ltr'>addentes,</span> <span class='ocrx_word' id='word_1_108' title='bbox 339 1804 433 1872; x_wconf 93' lang='lat' dir='ltr'>nihil</span> <span class='ocrx_word' id='word_1_109' title='bbox 467 1812 664 1892; x_wconf 85' lang='lat' dir='ltr'>mutantes,</span> <span class='ocrx_word' id='word_1_110' title='bbox 701 1806 794 1874; x_wconf 92' lang='lat' dir='ltr'>nihil</span> <span class='ocrx_word' id='word_1_111' title='bbox 828 1807 1083 1875; x_wconf 86' lang='lat' dir='ltr'>adulterantes.</span> <span class='ocrx_word' id='word_1_112' title='bbox 1110 1805 1292 1873; x_wconf 88' lang='lat' dir='ltr'>Detractio</span> 
     </span>
     <span class='ocr_line' id='line_1_16' title="bbox 116 1912 1294 2005; baseline 0.002 -29"><span class='ocrx_word' id='word_1_113' title='bbox 116 1913 207 1980; x_wconf 85' lang='lat' dir='ltr'>enim</span> <span class='ocrx_word' id='word_1_114' title='bbox 230 1919 266 1982; x_wconf 85' lang='lat' dir='ltr'>et</span> <span class='ocrx_word' id='word_1_115' title='bbox 289 1912 444 2000; x_wconf 89' lang='lat' dir='ltr'>additio,</span> <span class='ocrx_word' id='word_1_116' title='bbox 471 1914 608 2005; x_wconf 81' lang='lat' dir='ltr'>quondo</span> <span class='ocrx_word' id='word_1_117' title='bbox 633 1915 734 1982; x_wconf 81' lang='lat' dir='ltr'>nulla</span> <span class='ocrx_word' id='word_1_118' title='bbox 754 1940 818 2005; x_wconf 82' lang='lat' dir='ltr'>per</span> <span class='ocrx_word' id='word_1_119' title='bbox 841 1915 993 2004; x_wconf 78' lang='lat' dir='ltr'>metipsi</span> <span class='ocrx_word' id='word_1_120' title='bbox 1023 1928 1116 1980; x_wconf 79' lang='lat' dir='ltr'>ortes</span> <span class='ocrx_word' id='word_1_121' title='bbox 1140 1916 1294 1979; x_wconf 77' lang='lat' dir='ltr'>cecitate</span> 
     </span>
     <span class='ocr_line' id='line_1_17' title="bbox 114 2019 1290 2104; baseline 0.003 -22"><span class='ocrx_word' id='word_1_122' title='bbox 114 2033 162 2085; x_wconf 86' lang='lat' dir='ltr'>est</span> <span class='ocrx_word' id='word_1_123' title='bbox 189 2021 359 2100; x_wconf 85' lang='lat' dir='ltr'>haeresis,</span> <span class='ocrx_word' id='word_1_124' title='bbox 385 2021 704 2090; x_wconf 89' lang='lat' dir='ltr'>condemnationem</span> <span class='ocrx_word' id='word_1_125' title='bbox 724 2023 835 2091; x_wconf 86' lang='lat' dir='ltr'>infert</span> <span class='ocrx_word' id='word_1_126' title='bbox 859 2021 1001 2090; x_wconf 90' lang='lat' dir='ltr'>minime</span> <span class='ocrx_word' id='word_1_127' title='bbox 1025 2019 1290 2104; x_wconf 90' lang='lat' dir='ltr'>damnabilium,</span> 
     </span>
     <span class='ocr_line' id='line_1_18' title="bbox 109 2128 1294 2216; baseline 0 -26"><span class='ocrx_word' id='word_1_128' title='bbox 109 2135 146 2196; x_wconf 91' lang='lat' dir='ltr'>et</span> <span class='ocrx_word' id='word_1_129' title='bbox 173 2128 422 2196; x_wconf 91' lang='lat' dir='ltr'>contumeliam</span> <span class='ocrx_word' id='word_1_130' title='bbox 446 2130 593 2197; x_wconf 91' lang='lat' dir='ltr'>Patrum</span> <span class='ocrx_word' id='word_1_131' title='bbox 620 2129 913 2216; x_wconf 66' lang='lat' dir='ltr'>inexcusabilem</span> <span class='ocrx_word' id='word_1_132' title='bbox 941 2128 1152 2194; x_wconf 80' lang='lat' dir='ltr'>adulterinis</span> <span class='ocrx_word' id='word_1_133' title='bbox 1181 2139 1294 2192; x_wconf 82' lang='lat' dir='ltr'>autem</span> 
     </span>
     <span class='ocr_line' id='line_1_19' title="bbox 106 2234 1296 2326; baseline 0.003 -29"><span class='ocrx_word' id='word_1_134' title='bbox 106 2235 254 2301; x_wconf 82' lang='lat' dir='ltr'>uocibus</span> <span class='ocrx_word' id='word_1_135' title='bbox 277 2234 461 2305; x_wconf 89' lang='lat' dir='ltr'>immutare</span> <span class='ocrx_word' id='word_1_136' title='bbox 485 2238 706 2308; x_wconf 87' lang='lat' dir='ltr'>definitiones</span> <span class='ocrx_word' id='word_1_137' title='bbox 720 2238 866 2306; x_wconf 88' lang='lat' dir='ltr'>Petrum</span> <span class='ocrx_word' id='word_1_138' title='bbox 891 2237 998 2326; x_wconf 83' lang='lat' dir='ltr'>longe</span> <span class='ocrx_word' id='word_1_139' title='bbox 1021 2236 1085 2304; x_wconf 91' lang='lat' dir='ltr'>illo</span> <span class='ocrx_word' id='word_1_140' title='bbox 1107 2235 1219 2325; x_wconf 74' lang='lat' dir='ltr'>priori</span> <span class='ocrx_word' id='word_1_141' title='bbox 1234 2234 1296 2302; x_wconf 88' lang='lat' dir='ltr'>ad·</span> 
     </span>
     <span class='ocr_line' id='line_1_20' title="bbox 97 2333 1295 2434; baseline 0.001 -25"><span class='ocrx_word' id='word_1_142' title='bbox 97 2333 185 2410; x_wconf 88' lang='lat' dir='ltr'>huc</span> <span class='ocrx_word' id='word_1_143' title='bbox 211 2341 362 2430; x_wconf 76' lang='lat' dir='ltr'>gravius</span> <span class='ocrx_word' id='word_1_144' title='bbox 384 2348 470 2412; x_wconf 76' lang='lat' dir='ltr'>ests</span> <span class='ocrx_word' id='word_1_145' title='bbox 496 2342 623 2427; x_wconf 87' lang='lat' dir='ltr'>(Mansi</span> <span class='ocrx_word' id='word_1_146' title='bbox 647 2345 892 2434; x_wconf 71' lang='lat' dir='ltr'>lapilli.)</span> <span class='ocrx_word' id='word_1_147' title='bbox 917 2343 982 2433; x_wconf 86' lang='grc'>(1).</span> <span class='ocrx_word' id='word_1_148' title='bbox 1008 2343 1125 2413; x_wconf 89' lang='lat' dir='ltr'>Verba</span> <span class='ocrx_word' id='word_1_149' title='bbox 1148 2343 1233 2411; x_wconf 87' lang='lat' dir='ltr'>haec</span> <span class='ocrx_word' id='word_1_150' title='bbox 1257 2342 1295 2410; x_wconf 92' lang='lat' dir='ltr'>in</span> 
     </span>
     <span class='ocr_line' id='line_1_21' title="bbox 97 2450 1295 2542; baseline 0.001 -25"><span class='ocrx_word' id='word_1_151' title='bbox 97 2469 179 2520; x_wconf 78' lang='lat' dir='ltr'>auo</span> <span class='ocrx_word' id='word_1_152' title='bbox 212 2450 315 2518; x_wconf 91' lang='lat' dir='ltr'>obvio</span> <span class='ocrx_word' id='word_1_153' title='bbox 349 2467 451 2520; x_wconf 84' lang='lat' dir='ltr'>sensu</span> <span class='ocrx_word' id='word_1_154' title='bbox 483 2452 628 2538; x_wconf 88' lang='lat' dir='ltr'>dicunt,</span> <span class='ocrx_word' id='word_1_155' title='bbox 661 2453 874 2521; x_wconf 89' lang='lat' dir='ltr'>mutationes</span> <span class='ocrx_word' id='word_1_156' title='bbox 907 2452 1059 2542; x_wconf 89' lang='lat' dir='ltr'>symboli</span> <span class='ocrx_word' id='word_1_157' title='bbox 1084 2473 1105 2518; x_wconf 94' lang='lat' dir='ltr'>a</span> <span class='ocrx_word' id='word_1_158' title='bbox 1127 2451 1295 2520; x_wconf 84' lang='lat' dir='ltr'>Patribus</span> 
     </span>
     <span class='ocr_line' id='line_1_22' title="bbox 95 2559 1296 2652; baseline -0.002 -22"><span class='ocrx_word' id='word_1_159' title='bbox 95 2559 317 2643; x_wconf 76' lang='lat' dir='ltr'>constituti,</span> <span class='ocrx_word' id='word_1_160' title='bbox 345 2561 451 2628; x_wconf 89' lang='lat' dir='ltr'>etiam</span> <span class='ocrx_word' id='word_1_161' title='bbox 476 2582 564 2652; x_wconf 90' lang='lat' dir='ltr'>quae</span> <span class='ocrx_word' id='word_1_162' title='bbox 589 2584 651 2651; x_wconf 90' lang='lat' dir='ltr'>per</span> <span class='ocrx_word' id='word_1_163' title='bbox 674 2584 709 2628; x_wconf 89' lang='lat' dir='ltr'>se</span> <span class='ocrx_word' id='word_1_164' title='bbox 734 2561 826 2629; x_wconf 92' lang='lat' dir='ltr'>nihil</span> <span class='ocrx_word' id='word_1_165' title='bbox 850 2562 954 2650; x_wconf 89' lang='lat' dir='ltr'>pravi</span> <span class='ocrx_word' id='word_1_166' title='bbox 979 2561 1194 2646; x_wconf 90' lang='lat' dir='ltr'>contineant,</span> <span class='ocrx_word' id='word_1_167' title='bbox 1221 2582 1296 2637; x_wconf 90' lang='lat' dir='ltr'>esse</span> 
     </span>
     <span class='ocr_line' id='line_1_23' title="bbox 94 2668 1296 2749; baseline 0 -13"><span class='ocrx_word' id='word_1_168' title='bbox 94 2668 334 2749; x_wconf 76' lang='lat' dir='ltr'>temerarias,</span> <span class='ocrx_word' id='word_1_169' title='bbox 350 2675 385 2735; x_wconf 91' lang='lat' dir='ltr'>et</span> <span class='ocrx_word' id='word_1_170' title='bbox 401 2669 581 2737; x_wconf 87' lang='lat' dir='ltr'>continere</span> <span class='ocrx_word' id='word_1_171' title='bbox 598 2669 856 2736; x_wconf 86' lang='lat' dir='ltr'>damnationem</span> <span class='ocrx_word' id='word_1_172' title='bbox 870 2669 1041 2738; x_wconf 82' lang='lat' dir='ltr'>formulae</span> <span class='ocrx_word' id='word_1_173' title='bbox 1057 2670 1124 2737; x_wconf 90' lang='lat' dir='ltr'>iam</span> <span class='ocrx_word' id='word_1_174' title='bbox 1141 2676 1296 2737; x_wconf 90' lang='lat' dir='ltr'>statutae</span> 
     </span>
     <span class='ocr_line' id='line_1_24' title="bbox 96 2773 1297 2859; baseline -0.005 -12"><span class='ocrx_word' id='word_1_175' title='bbox 96 2777 220 2847; x_wconf 79' lang='lat' dir='ltr'>velut</span> <span class='ocrx_word' id='word_1_176' title='bbox 243 2773 501 2859; x_wconf 85' lang='lat' dir='ltr'>insufficientis,</span> <span class='ocrx_word' id='word_1_177' title='bbox 520 2797 562 2843; x_wconf 90' lang='lat' dir='ltr'>ac</span> <span class='ocrx_word' id='word_1_178' title='bbox 585 2775 753 2843; x_wconf 88' lang='lat' dir='ltr'>iniuriam</span> <span class='ocrx_word' id='word_1_179' title='bbox 770 2776 914 2843; x_wconf 85' lang='lat' dir='ltr'>Petrum</span> <span class='ocrx_word' id='word_1_180' title='bbox 932 2776 1031 2845; x_wconf 85' lang='lat' dir='ltr'>velut</span> <span class='ocrx_word' id='word_1_181' title='bbox 1055 2777 1169 2842; x_wconf 88' lang='lat' dir='ltr'>minus</span> <span class='ocrx_word' id='word_1_182' title='bbox 1193 2774 1297 2842; x_wconf 94' lang='lat' dir='ltr'>intel·</span> 
     </span>
     <span class='ocr_line' id='line_1_25' title="bbox 96 2879 1336 2974; baseline -0.005 -22"><span class='ocrx_word' id='word_1_183' title='bbox 96 2881 319 2974; x_wconf 83' lang='lat' dir='ltr'>ligantium,</span> <span class='ocrx_word' id='word_1_184' title='bbox 346 2879 483 2973; x_wconf 81' lang='lat' dir='ltr'>quando</span> <span class='ocrx_word' id='word_1_185' title='bbox 509 2884 715 2949; x_wconf 79' lang='lat' dir='ltr'>mutationes</span> <span class='ocrx_word' id='word_1_186' title='bbox 742 2881 940 2948; x_wconf 80' lang='lat' dir='ltr'>huiusmodi</span> <span class='ocrx_word' id='word_1_187' title='bbox 957 2885 1052 2972; x_wconf 70' lang='lat' dir='ltr'>fiant</span> <span class='ocrx_word' id='word_1_188' title='bbox 1074 2885 1149 2947; x_wconf 86' lang='lat' dir='ltr'>sine</span> <span class='ocrx_word' id='word_1_189' title='bbox 1171 2905 1297 2971; x_wconf 78' lang='lat' dir='ltr'>mapsa</span> <span class='ocrx_word' id='word_1_190' title='bbox 1331 2946 1336 2967; x_wconf 52' lang='grc' dir='ltr'>Ι</span> 
     </span>
     <span class='ocr_line' id='line_1_26' title="bbox 98 2989 1321 3077; baseline -0.001 -23"><span class='ocrx_word' id='word_1_191' title='bbox 98 2991 255 3058; x_wconf 71' lang='lat' dir='ltr'>ratione</span> <span class='ocrx_word' id='word_1_192' title='bbox 278 3003 310 3055; x_wconf 85' lang='lat' dir='ltr'>et</span> <span class='ocrx_word' id='word_1_193' title='bbox 333 2991 407 3054; x_wconf 84' lang='lat' dir='ltr'>siae</span> <span class='ocrx_word' id='word_1_194' title='bbox 430 2992 629 3055; x_wconf 80' lang='lat' dir='ltr'>necessitate</span> <span class='ocrx_word' id='word_1_195' title='bbox 653 2991 889 3077; x_wconf 83' lang='lat' dir='ltr'>oppositionis·</span> <span class='ocrx_word' id='word_1_196' title='bbox 907 3004 1027 3054; x_wconf 80' lang='lat' dir='ltr'>contre</span> <span class='ocrx_word' id='word_1_197' title='bbox 1050 3012 1154 3055; x_wconf 78' lang='lat' dir='ltr'>nouas</span> <span class='ocrx_word' id='word_1_198' title='bbox 1180 2989 1294 3054; x_wconf 78' lang='lat' dir='ltr'>haere·</span> <span class='ocrx_word' id='word_1_199' title='bbox 1318 3005 1321 3012; x_wconf 79' lang='grc'>’</span> 
     </span>
     <span class='ocr_line' id='line_1_27' title="bbox 101 3095 1294 3184; baseline -0.003 -19"><span class='ocrx_word' id='word_1_200' title='bbox 101 3122 183 3181; x_wconf 81' lang='lat' dir='ltr'>ses,·</span> <span class='ocrx_word' id='word_1_201' title='bbox 199 3095 410 3163; x_wconf 88' lang='lat' dir='ltr'>mutationes</span> <span class='ocrx_word' id='word_1_202' title='bbox 427 3119 508 3164; x_wconf 88' lang='lat' dir='ltr'>vero</span> <span class='ocrx_word' id='word_1_203' title='bbox 525 3095 731 3164; x_wconf 85' lang='lat' dir='ltr'>inducentes</span> <span class='ocrx_word' id='word_1_204' title='bbox 748 3118 887 3163; x_wconf 88' lang='lat' dir='ltr'>sensum</span> <span class='ocrx_word' id='word_1_205' title='bbox 904 3095 1156 3178; x_wconf 90' lang='lat' dir='ltr'>adulterinum,</span> <span class='ocrx_word' id='word_1_206' title='bbox 1175 3102 1216 3162; x_wconf 90' lang='lat' dir='ltr'>nt</span> <span class='ocrx_word' id='word_1_207' title='bbox 1234 3116 1294 3184; x_wconf 88' lang='lat' dir='ltr'>par</span> 
     </span>
     <span class='ocr_line' id='line_1_28' title="bbox 110 3204 1299 3295; baseline -0.008 -18"><span class='ocrx_word' id='word_1_208' title='bbox 110 3229 155 3277; x_wconf 83' lang='lat' dir='ltr'>se</span> <span class='ocrx_word' id='word_1_209' title='bbox 180 3210 290 3294; x_wconf 89' lang='lat' dir='ltr'>patet,</span> <span class='ocrx_word' id='word_1_210' title='bbox 309 3227 497 3295; x_wconf 88' lang='lat' dir='ltr'>numquam</span> <span class='ocrx_word' id='word_1_211' title='bbox 520 3225 620 3294; x_wconf 87' lang='lat' dir='ltr'>posse</span> <span class='ocrx_word' id='word_1_212' title='bbox 637 3204 714 3271; x_wconf 89' lang='lat' dir='ltr'>fieri</span> <span class='ocrx_word' id='word_1_213' title='bbox 731 3204 805 3271; x_wconf 88' lang='lat' dir='ltr'>sine</span> <span class='ocrx_word' id='word_1_214' title='bbox 822 3204 927 3293; x_wconf 82' lang='lat' dir='ltr'>gravi</span> <span class='ocrx_word' id='word_1_215' title='bbox 944 3204 1086 3272; x_wconf 87' lang='lat' dir='ltr'>scelere.</span> <span class='ocrx_word' id='word_1_216' title='bbox 1105 3204 1204 3270; x_wconf 88' lang='lat' dir='ltr'>Unde</span> <span class='ocrx_word' id='word_1_217' title='bbox 1220 3223 1299 3269; x_wconf 91' lang='lat' dir='ltr'>con-</span> 
     </span>
     <span class='ocr_line' id='line_1_29' title="bbox 114 3309 1300 3404; baseline -0.004 -22"><span class='ocrx_word' id='word_1_218' title='bbox 114 3314 303 3404; x_wconf 84' lang='lat' dir='ltr'>sequitur,</span> <span class='ocrx_word' id='word_1_219' title='bbox 330 3313 526 3381; x_wconf 86' lang='lat' dir='ltr'>additiones</span> <span class='ocrx_word' id='word_1_220' title='bbox 556 3313 686 3401; x_wconf 88' lang='lat' dir='ltr'>prioris</span> <span class='ocrx_word' id='word_1_221' title='bbox 712 3314 851 3402; x_wconf 83' lang='lat' dir='ltr'>generis</span> <span class='ocrx_word' id='word_1_222' title='bbox 884 3313 982 3380; x_wconf 87' lang='lat' dir='ltr'>licite</span> <span class='ocrx_word' id='word_1_223' title='bbox 1007 3320 1041 3380; x_wconf 91' lang='lat' dir='ltr'>et</span> <span class='ocrx_word' id='word_1_224' title='bbox 1066 3312 1140 3379; x_wconf 88' lang='lat' dir='ltr'>sine</span> <span class='ocrx_word' id='word_1_225' title='bbox 1165 3309 1300 3378; x_wconf 85' lang='lat' dir='ltr'>iniuria</span> 
     </span>
     <span class='ocr_line' id='line_1_30' title="bbox 116 3416 1300 3512; baseline -0.008 -20"><span class='ocrx_word' id='word_1_226' title='bbox 116 3420 292 3492; x_wconf 85' lang='lat' dir='ltr'>formulae</span> <span class='ocrx_word' id='word_1_227' title='bbox 317 3421 484 3512; x_wconf 88' lang='lat' dir='ltr'>antiquae</span> <span class='ocrx_word' id='word_1_228' title='bbox 509 3432 573 3489; x_wconf 92' lang='lat' dir='ltr'>aut</span> <span class='ocrx_word' id='word_1_229' title='bbox 595 3423 671 3489; x_wconf 89' lang='lat' dir='ltr'>eius</span> <span class='ocrx_word' id='word_1_230' title='bbox 695 3432 879 3489; x_wconf 91' lang='lat' dir='ltr'>auctorum</span> <span class='ocrx_word' id='word_1_231' title='bbox 902 3421 979 3489; x_wconf 88' lang='lat' dir='ltr'>fieri</span> <span class='ocrx_word' id='word_1_232' title='bbox 1002 3443 1100 3509; x_wconf 88' lang='lat' dir='ltr'>posse</span> <span class='ocrx_word' id='word_1_233' title='bbox 1124 3442 1186 3508; x_wconf 92' lang='lat' dir='ltr'>per</span> <span class='ocrx_word' id='word_1_234' title='bbox 1212 3416 1300 3506; x_wconf 82' lang='lat' dir='ltr'>legi-</span> 
     </span>
     <span class='ocr_line' id='line_1_31' title="bbox 118 3527 1301 3620; baseline -0.005 -23"><span class='ocrx_word' id='word_1_235' title='bbox 118 3529 241 3597; x_wconf 86' lang='lat' dir='ltr'>timam</span> <span class='ocrx_word' id='word_1_236' title='bbox 258 3529 518 3611; x_wconf 87' lang='lat' dir='ltr'>auctoritatem,</span> <span class='ocrx_word' id='word_1_237' title='bbox 531 3527 668 3620; x_wconf 80' lang='lat' dir='ltr'>quondo</span> <span class='ocrx_word' id='word_1_238' title='bbox 685 3554 773 3596; x_wconf 80' lang='lat' dir='ltr'>noca</span> <span class='ocrx_word' id='word_1_239' title='bbox 791 3531 940 3596; x_wconf 84' lang='lat' dir='ltr'>haeresis</span> <span class='ocrx_word' id='word_1_240' title='bbox 963 3553 1026 3618; x_wconf 86' lang='lat' dir='ltr'>per</span> <span class='ocrx_word' id='word_1_241' title='bbox 1042 3527 1193 3616; x_wconf 76' lang='lat' dir='ltr'>metipsi</span> <span class='ocrx_word' id='word_1_242' title='bbox 1210 3538 1301 3591; x_wconf 85' lang='lat' dir='ltr'>ortes</span> 
     </span>
     <span class='ocr_line' id='line_1_32' title="bbox 123 3631 1301 3727; baseline -0.003 -25"><span class='ocrx_word' id='word_1_243' title='bbox 123 3638 276 3702; x_wconf 76' lang='lat' dir='ltr'>excitata</span> <span class='ocrx_word' id='word_1_244' title='bbox 299 3636 416 3704; x_wconf 90' lang='lat' dir='ltr'>reddit</span> <span class='ocrx_word' id='word_1_245' title='bbox 439 3636 651 3705; x_wconf 88' lang='lat' dir='ltr'>additionem</span> <span class='ocrx_word' id='word_1_246' title='bbox 675 3647 710 3705; x_wconf 92' lang='lat' dir='ltr'>et</span> <span class='ocrx_word' id='word_1_247' title='bbox 734 3636 937 3727; x_wconf 86' lang='lat' dir='ltr'>explicitam</span> <span class='ocrx_word' id='word_1_248' title='bbox 961 3635 1211 3726; x_wconf 88' lang='lat' dir='ltr'>professionem</span> <span class='ocrx_word' id='word_1_249' title='bbox 1234 3631 1301 3700; x_wconf 90' lang='lat' dir='ltr'>ali-</span> 
     </span>
     <span class='ocr_line' id='line_1_33' title="bbox 125 3737 1302 3834; baseline -0.003 -23"><span class='ocrx_word' id='word_1_250' title='bbox 125 3743 221 3813; x_wconf 91' lang='lat' dir='ltr'>cuius</span> <span class='ocrx_word' id='word_1_251' title='bbox 245 3741 392 3811; x_wconf 89' lang='lat' dir='ltr'>articuli</span> <span class='ocrx_word' id='word_1_252' title='bbox 417 3737 651 3812; x_wconf 87' lang='lat' dir='ltr'>necessariam</span> <span class='ocrx_word' id='word_1_253' title='bbox 668 3744 725 3815; x_wconf 90' lang='lat' dir='ltr'>vel</span> <span class='ocrx_word' id='word_1_254' title='bbox 749 3753 993 3834; x_wconf 87' lang='lat' dir='ltr'>opportunam.</span> <span class='ocrx_word' id='word_1_255' title='bbox 1020 3743 1121 3810; x_wconf 88' lang='lat' dir='ltr'>Certe</span> <span class='ocrx_word' id='word_1_256' title='bbox 1146 3743 1231 3809; x_wconf 91' lang='lat' dir='ltr'>haec</span> <span class='ocrx_word' id='word_1_257' title='bbox 1248 3747 1302 3808; x_wconf 90' lang='lat' dir='ltr'>est</span> 
     </span>
     <span class='ocr_line' id='line_1_34' title="bbox 127 3851 1303 3943; baseline -0.002 -23"><span class='ocrx_word' id='word_1_258' title='bbox 127 3851 283 3923; x_wconf 89' lang='lat' dir='ltr'>doctrina</span> <span class='ocrx_word' id='word_1_259' title='bbox 307 3853 445 3920; x_wconf 91' lang='lat' dir='ltr'>omnino</span> <span class='ocrx_word' id='word_1_260' title='bbox 469 3852 658 3939; x_wconf 89' lang='lat' dir='ltr'>catholica,</span> <span class='ocrx_word' id='word_1_261' title='bbox 680 3852 738 3922; x_wconf 89' lang='lat' dir='ltr'>oui</span> <span class='ocrx_word' id='word_1_262' title='bbox 761 3853 872 3943; x_wconf 81' lang='lat' dir='ltr'>legati</span> <span class='ocrx_word' id='word_1_263' title='bbox 897 3851 1044 3921; x_wconf 86' lang='lat' dir='ltr'>Romani</span> <span class='ocrx_word' id='word_1_264' title='bbox 1061 3859 1096 3919; x_wconf 91' lang='lat' dir='ltr'>et</span> <span class='ocrx_word' id='word_1_265' title='bbox 1113 3873 1228 3920; x_wconf 87' lang='lat' dir='ltr'>omnes</span> <span class='ocrx_word' id='word_1_266' title='bbox 1246 3872 1303 3919; x_wconf 89' lang='lat' dir='ltr'>ea·</span> 
     </span>
    </p>
   </div>
   <div class='ocr_carea' id='block_1_2' title="bbox 122 4052 1307 4488">
    <p class='ocr_par' dir='ltr' id='par_1_2' title="bbox 122 4052 1307 4488">
     <span class='ocr_line' id='line_1_35' title="bbox 197 4052 1302 4128; baseline 0 -21"><span class='ocrx_word' id='word_1_267' title='bbox 197 4052 240 4128; x_wconf 82' lang='grc'>(1)</span> <span class='ocrx_word' id='word_1_268' title='bbox 257 4054 290 4109; x_wconf 85' lang='grc' dir='ltr'>Ἡ</span> <span class='ocrx_word' id='word_1_269' title='bbox 308 4075 355 4126; x_wconf 81' lang='grc' dir='ltr'>μεν</span> <span class='ocrx_word' id='word_1_270' title='bbox 375 4077 427 4126; x_wconf 74' lang='grc' dir='ltr'>γαρ</span> <span class='ocrx_word' id='word_1_271' title='bbox 444 4052 582 4125; x_wconf 60' lang='lat' dir='ltr'>decussum</span> <span class='ocrx_word' id='word_1_272' title='bbox 605 4053 675 4113; x_wconf 79' lang='grc' dir='ltr'>καιή</span> <span class='ocrx_word' id='word_1_273' title='bbox 696 4056 982 4125; x_wconf 72' lang='grc' dir='ltr'><em>προσθεσις,μηδεμιας</em></span> <span class='ocrx_word' id='word_1_274' title='bbox 1000 4052 1049 4107; x_wconf 75' lang='lat' dir='ltr'>tirso</span> <span class='ocrx_word' id='word_1_275' title='bbox 1069 4072 1114 4105; x_wconf 77' lang='lat' dir='ltr'>sut</span> <span class='ocrx_word' id='word_1_276' title='bbox 1130 4071 1176 4106; x_wconf 77' lang='lat' dir='ltr'>tou</span> <span class='ocrx_word' id='word_1_277' title='bbox 1191 4072 1302 4125; x_wconf 78' lang='grc' dir='ltr'>πονηρου</span> 
     </span>
     <span class='ocr_line' id='line_1_36' title="bbox 131 4137 1307 4217; baseline 0 -23"><span class='ocrx_word' id='word_1_278' title='bbox 131 4158 320 4217; x_wconf 58' lang='lat' dir='ltr'>superuacua</span> <span class='ocrx_word' id='word_1_279' title='bbox 340 4142 371 4196; x_wconf 77' lang='lat' dir='ltr'>civ</span> <span class='ocrx_word' id='word_1_280' title='bbox 392 4164 543 4214; x_wconf 76' lang='grc' dir='ltr'>κινουμενης</span> <span class='ocrx_word' id='word_1_281' title='bbox 563 4142 702 4212; x_wconf 74' lang='grc' dir='ltr'><em>αἰρεσεως,</em></span> <span class='ocrx_word' id='word_1_282' title='bbox 719 4162 884 4213; x_wconf 66' lang='lat' dir='ltr'>serapiacae</span> <span class='ocrx_word' id='word_1_283' title='bbox 905 4137 1009 4211; x_wconf 73' lang='grc' dir='ltr'><em>εἰσαγει</em></span> <span class='ocrx_word' id='word_1_284' title='bbox 1024 4163 1068 4194; x_wconf 79' lang='grc' dir='ltr'>των</span> <span class='ocrx_word' id='word_1_285' title='bbox 1083 4137 1307 4214; x_wconf 69' lang='lat' dir='ltr'>disceptantur,</span> 
     </span>
     <span class='ocr_line' id='line_1_37' title="bbox 126 4227 1305 4305; baseline -0.003 -20"><span class='ocrx_word' id='word_1_286' title='bbox 126 4245 167 4285; x_wconf 72' lang='grc' dir='ltr'>και</span> <span class='ocrx_word' id='word_1_287' title='bbox 189 4233 261 4305; x_wconf 65' lang='lat' dir='ltr'>sitifim</span> <span class='ocrx_word' id='word_1_288' title='bbox 282 4254 328 4287; x_wconf 82' lang='grc' dir='ltr'>των</span> <span class='ocrx_word' id='word_1_289' title='bbox 349 4254 461 4302; x_wconf 68' lang='lat' dir='ltr'>masefat</span> <span class='ocrx_word' id='word_1_290' title='bbox 482 4232 693 4301; x_wconf 70' lang='grc' dir='ltr'><strong>ἅναπολογητον·</strong></span> <span class='ocrx_word' id='word_1_291' title='bbox 714 4252 743 4283; x_wconf 83' lang='grc' dir='ltr'>το</span> <span class='ocrx_word' id='word_1_292' title='bbox 759 4235 785 4283; x_wconf 81' lang='grc' dir='ltr'>δε</span> <span class='ocrx_word' id='word_1_293' title='bbox 800 4227 1075 4302; x_wconf 64' lang='grc' dir='ltr'>κιβδηλοιςοῖμειβειν</span> <span class='ocrx_word' id='word_1_294' title='bbox 1095 4230 1210 4302; x_wconf 73' lang='grc' dir='ltr'><strong><em>ῥημασιν</em></strong></span> <span class='ocrx_word' id='word_1_295' title='bbox 1231 4230 1305 4300; x_wconf 61' lang='lat' dir='ltr'>tipus?</span> 
     </span>
     <span class='ocr_line' id='line_1_38' title="bbox 128 4319 1304 4394; baseline -0.003 -21"><span class='ocrx_word' id='word_1_296' title='bbox 128 4337 246 4394; x_wconf 77' lang='grc' dir='ltr'><strong>πατερων</strong></span> <span class='ocrx_word' id='word_1_297' title='bbox 261 4329 330 4382; x_wconf 82' lang='grc' dir='ltr'>πολυ</span> <span class='ocrx_word' id='word_1_298' title='bbox 342 4343 387 4375; x_wconf 81' lang='grc' dir='ltr'>του</span> <span class='ocrx_word' id='word_1_299' title='bbox 405 4341 530 4392; x_wconf 74' lang='grc' dir='ltr'>προτερον</span> <span class='ocrx_word' id='word_1_300' title='bbox 544 4327 745 4393; x_wconf 50' lang='lat' dir='ltr'>paternasque..</span> <span class='ocrx_word' id='word_1_301' title='bbox 756 4321 857 4376; x_wconf 84' lang='lat' dir='ltr'>Versio</span> <span class='ocrx_word' id='word_1_302' title='bbox 869 4321 964 4376; x_wconf 79' lang='lat' dir='ltr'>latina</span> <span class='ocrx_word' id='word_1_303' title='bbox 982 4336 1070 4391; x_wconf 75' lang='lat' dir='ltr'>panas</span> <span class='ocrx_word' id='word_1_304' title='bbox 1086 4321 1227 4376; x_wconf 74' lang='lat' dir='ltr'>Matreium</span> <span class='ocrx_word' id='word_1_305' title='bbox 1240 4319 1270 4374; x_wconf 87' lang='lat' dir='ltr'>h.</span> <span class='ocrx_word' id='word_1_306' title='bbox 1283 4320 1304 4370; x_wconf 93' lang='lat' dir='ltr'>l.</span> 
     </span>
     <span class='ocr_line' id='line_1_39' title="bbox 122 4411 925 4488; baseline 0.005 -26"><span class='ocrx_word' id='word_1_307' title='bbox 122 4412 238 4467; x_wconf 81' lang='lat' dir='ltr'>nauum</span> <span class='ocrx_word' id='word_1_308' title='bbox 257 4413 305 4468; x_wconf 86' lang='lat' dir='ltr'>vel</span> <span class='ocrx_word' id='word_1_309' title='bbox 324 4415 430 4466; x_wconf 87' lang='lat' dir='ltr'>certum</span> <span class='ocrx_word' id='word_1_310' title='bbox 450 4411 555 4468; x_wconf 74' lang='lat' dir='ltr'>falsum</span> <span class='ocrx_word' id='word_1_311' title='bbox 575 4426 687 4466; x_wconf 88' lang='lat' dir='ltr'>sensum</span> <span class='ocrx_word' id='word_1_312' title='bbox 706 4412 877 4481; x_wconf 78' lang='lat' dir='ltr'>praesefert.</span> <span class='ocrx_word' id='word_1_313' title='bbox 921 4480 925 4488; x_wconf 30' lang='grc' dir='ltr'><strong><em>Ι</em></strong></span> 
     </span>
    </p>
   </div>
   <div class='ocr_carea' id='block_1_3' title="bbox 0 0 1605 4980">
    <p class='ocr_par' dir='ltr' id='par_1_3' title="bbox 0 0 1605 4980">
     <span class='ocr_line' id='line_1_40' title="bbox 0 0 1605 4980; baseline 0 0"><span class='ocrx_word' id='word_1_314' title='bbox 0 0 1605 4980; x_wconf 95' lang='lat' dir='ltr'> </span> 
     </span>
    </p>
   </div>
  </div>
 </body>
</html>
