3120 4988
721 123 758 140 -
781 92 898 157 175-

217 197 303 266 rius
326 218 420 280 vero,
447 197 509 289 qui
531 197 668 289 Gyrillo
690 221 828 269 sensum
852 200 1043 272 absurdum
1065 201 1216 293 affingit,
1232 206 1320 277 acsi
1336 207 1396 276 sb-

219 307 338 376 solute
360 307 460 375 nefas
483 329 556 376 esse
579 307 727 377 dixisset
749 309 855 378 etiam
879 300 978 379 salvo
1000 333 1104 380 sensu
1135 312 1337 401 dogmatum
1359 319 1397 384 et

221 416 268 482 ad
291 414 556 504 explicationem
589 416 753 485 veritatis
781 418 958 486 revelatae
993 442 1110 487 vocem
1134 431 1198 488 aut
1221 420 1396 509 syllabam

223 525 352 593 addere
382 524 559 613 symbolo,
583 523 767 593 evidenter
794 548 831 593 ee
855 525 970 615 ipsum
994 549 1178 619 omnesque
1205 528 1396 599 Photianoe

224 708 356 762 scribunt
373 706 540 773 imperatori
559 705 727 760 Theodosio.
744 727 757 754 a
773 706 879 774 corpus
898 707 1041 760 Ecclesiae
1060 706 1253 775 exscindetur,
1267 709 1293 763 si
1302 727 1394 776 saper-

224 793 610 867 issdaetssspldei(Nieaessae)
620 814 637 847 a
654 797 760 863 Uecillo
776 804 802 848 ct
816 799 995 863 confirmatas
1010 799 1044 849 ab
1059 799 1125 851 aliis
1138 800 1287 853 haereticis
1299 816 1393 853 sensus

224 891 388 942 attineat...
402 888 596 941 Necessarium
616 887 677 939 tore
695 887 833 940 credimus
858 887 926 941 hino
948 886 1047 941 docere
1075 888 1225 954 imperium
1253 897 1393 957 vestrum,

221 983 292 1050 puin
311 998 344 1034 ea
357 996 430 1049 quae
446 987 512 1032 sant
530 979 710 1046 apollinarii
727 987 753 1032 et
765 978 831 1034 Arii
843 987 869 1030 et
881 981 1025 1043 Emsoms'i,
1043 979 1143 1033 docent
1155 980 1187 1032 hi
1201 981 1231 1032 in
1245 981 1392 1048 Ecclesiis,

222 1071 273 1140 qui
294 1071 338 1124 eis
356 1065 593 1142 (haeresiarchis)
613 1070 790 1136 impermixti
811 1075 898 1123 sunt»
915 1069 972 1141 (ibi
990 1086 1020 1136 p.
1035 1066 1122 1139 809.).

294 1163 366 1216 Post
384 1161 540 1214 concilium
558 1176 618 1213 aum
637 1161 794 1228 imperator
806 1168 956 1214 coneretur
969 1161 1092 1215 schisma
1105 1161 1228 1228 abolere,
1244 1162 1293 1215 illl
1306 1163 1393 1217 inllio

216 1253 418 1320 perstiterunt
437 1251 468 1303 iu
489 1250 584 1303 eadem
604 1251 775 1318 pervicacia.
791 1251 879 1303 Facta
899 1252 975 1302 enim
1006 1250 1122 1318 synodo⁴
1139 1250 1310 1304 Antiochiae
1341 1253 1394 1308 has

220 1343 258 1396 ad
280 1341 425 1408 cyrillum
446 1341 677 1408 perscripserunt
700 1342 779 1408 pacis
807 1340 996 1396 conditiones.
1023 1341 1249 1394 «Permauemus
1280 1341 1311 1394 iu
1338 1340 1393 1395 fide

215 1450 259 1489 es.
278 1435 396 1486 Petrum
417 1432 466 1499 qui
485 1431 516 1486 in
535 1431 640 1485 Nicaea
658 1436 884 1486 convenerunt...
905 1432 981 1494 Quae
1009 1446 1077 1485 vero
1107 1446 1197 1499 nuper
1222 1432 1395 1498 superintru-

215 1524 309 1579 <taeta
328 1529 395 1575 secet
414 1521 547 1588 dogmata
574 1516 621 1575 v'el
648 1538 698 1588 per
722 1522 862 1588 capitula,
887 1525 1029 1588 tamquam
1058 1536 1130 1588 quse
1157 1528 1224 1576 sunt
1251 1538 1394 1579 commuue

214 1613 381 1678 turbantia,
397 1613 565 1677 excutimus,
580 1613 710 1666 conteuti
724 1613 845 1679 antiqua
859 1611 977 1665 Petrum
992 1611 1187 1677 legislatione,
1199 1615 1229 1665 et
1241 1617 1395 1679 sequentes

215 1719 283 1758 eum
304 1703 355 1771 qni
376 1701 461 1754 dixit:
478 1717 512 1755 ue
531 1701 692 1755 transieras
711 1700 850 1756 terminos
868 1706 1095 1769 aeternaequae
1114 1705 1270 1767 posuerunt
1297 1706 1394 1769 pstres

218 1797 264 1852 tui
275 1818 289 1846 n
312 1795 367 1867 (ibi
387 1811 416 1862 p.
429 1788 519 1866 829.).

291 1885 422 1952 cyrillus
440 1885 471 1936 in
491 1899 542 1937 sus
556 1882 592 1937 ad
609 1882 663 1937 has
682 1883 866 1938 orientalium
886 1884 1096 1951 propositiones
1110 1883 1296 1950 responsione
1308 1882 1392 1956 (quas

219 1980 266 2032 est
284 1975 438 2043 ep.83.lu
458 1974 502 2028 ed.
523 1976 628 2042 Misus,
655 1980 684 2028 et
703 1975 775 2041 apud
794 1974 888 2029 Nanei
906 1975 927 2027 l.
952 1988 975 2027 c.
1003 1990 1030 2039 p.
1047 1967 1123 2042 831).
1148 1977 1233 2040 atque
1261 1974 1292 2026 in
1323 1973 1392 2030 aliis

224 2069 357 2122 cunibus
376 2068 519 2134 epistolis,
541 2082 610 2134 quas
629 2066 766 2132 indicavi,
782 2064 910 2119 declarat
923 2081 966 2130 ea,
984 2080 1100 2132 qnorum
1114 2079 1248 2117 summam
1263 2065 1294 2116 ln
1310 2068 1393 2119 textu

223 2157 376 2225 descripsi.
391 2157 484 2211 Verba
503 2157 564 2210 eius
581 2157 610 2208 iu
627 2170 671 2223 ep.
684 2158 730 2210 33.
742 2157 811 2209 haec
823 2162 898 2208 suut.
916 2155 1077 2218 ausoniam
1092 2170 1159 2209 vere
1171 2155 1244 2208 dicit
1257 2155 1393 2224 (loannes

223 2245 418 2302 dntioohsnus
437 2262 497 2300 enm
515 2243 599 2330 suis),
615 2247 681 2313 qnia
700 2251 814 2313 oportet
832 2244 888 2299 soli
907 2247 1036 2313 symbolo
1056 2247 1218 2300 consentire
1242 2247 1289 2300 rel
1315 2248 1392 2299 certe

224 2337 399 2406 expositioni
417 2336 484 2389 tdei
503 2340 693 2391 trecentorum
713 2327 806 2389 decem
824 2341 855 2390 et
872 2342 945 2403 octo,
960 2324 1059 2404 et'sgo
1078 2337 1114 2390 ad
1133 2336 1203 2392 haee
1228 2337 1300 2406 dico,
1325 2339 1393 2407 quis
1477 2361 1481 2370 ·

223 2428 348 2481 intentio
366 2425 424 2479 init
441 2441 498 2478 una
516 2429 632 2479 sanotae
652 2434 681 2480 et
700 2427 860 2480 universali
880 2426 988 2493 syuodo
1009 2443 1080 2495 qnae
1099 2432 1271 2494 congregata
1290 2434 1334 2482 est
1359 2431 1391 2483 iu

225 2516 369 2586 Ephesius
389 2517 548 2583 metropoli,
570 2520 603 2568 ut
630 2518 789 2582 symbolum
821 2517 1009 2584 confirmaret,
1030 2524 1168 2585 qautenus
1191 2526 1217 2570 et
1236 2535 1327 2572 omnes
1349 2520 1392 2572 ita

225 2609 422 2675 confiterentur
440 2613 466 2658 et
485 2605 627 2658 crederent
646 2605 826 2670 aedccerssst,
848 2622 939 2673 neque
959 2606 1069 2661 adiecto
1090 2608 1219 2673 quolibet
1236 2622 1325 2675 usqne
1344 2605 1389 2661 de·
1413 2668 1417 2678 ⁴

223 2699 324 2765 tracto,
340 2698 516 2764 nequeenim
532 2701 578 2750 est
591 2697 715 2751 adiicere
727 2711 811 2762 snper
822 2696 907 2764 illud,
923 2712 973 2751 uso
985 2702 1030 2751 est
1043 2698 1156 2751 auterre
1174 2697 1210 2749 sb
1223 2711 1255 2749 eo
1268 2694 1312 2767 (in
1327 2712 1389 2750 con·

222 2786 339 2854 htcudo,
355 2787 495 2841 credendo
515 2791 545 2841 et
561 2786 696 2854 docendop
721 2803 819 2854 nempe
838 2803 894 2840 non
919 2787 954 2841 de
972 2787 1094 2842 termula
1117 2788 1308 2841 materialiter
1330 2802 1391 2854 spe·

220 2880 309 2944 etate,
324 2876 370 2930 sed
386 2877 544 2929 universim
560 2876 593 2929 de
610 2877 787 2945 professione
799 2881 829 2929 et
841 2876 972 2931 doctriua
984 2877 1050 2930 tldei
1063 2877 1191 2943 tyrillus
1207 2884 1269 2930 erat
1283 2877 1390 2931 solllci-

218 2963 293 3038 tus).
306 2969 424 3034 Propter·
434 2971 485 3021 lsoe
499 2969 571 3021 enim
586 2975 611 3020 et
623 2976 724 3020 contra
735 2969 895 3022 Nestorium
908 2969 1035 3033 decreuit,
1050 2969 1122 3022 sieut
1136 2970 1187 3036 qai
1203 2985 1263 3021 noes
1273 2950 1390 3023 moreris

215 3059 307 3124 ellel,
325 3062 395 3127 qaia
408 3061 505 3128 polias
516 3060 662 3110 removerit
680 3067 763 3126 atque
782 3059 975 3110 obliteraverit
993 3067 1020 3110 et
1037 3060 1186 3113 secandam
1199 3062 1309 3111 uallum
1327 3061 1388 3129 pssi-

218 3151 285 3206 dem
301 3149 408 3203 modum
426 3157 532 3202 secatus
549 3148 586 3202 sit
604 3148 680 3201 illud
697 3146 760 3221 (qni
781 3154 873 3202 tamen
894 3149 1001 3215 Ephesi
1020 3150 1095 3201 omui
1116 3151 1146 3202 vi
1172 3148 1330 3216 contendit,
1357 3152 1388 3204 in

213 3237 348 3307 symbolo
367 3239 492 3292 Nicasno
511 3238 705 3294 materialiter
720 3255 819 3307 nempe
839 3243 965 3306 spectato
995 3239 1165 3306 simpliciter
1191 3254 1253 3292 esse
1281 3254 1388 3306 perms-
1479 3291 1482 3298 .

210 3325 364 3403 neudum),
379 3332 470 3383 altera
488 3346 551 3382 cero
570 3329 707 3398 quaedam
725 3338 751 3381 ct
769 3329 945 3394 dopmatihas
962 3330 1106 3382 Ecclesiae
1121 3330 1272 3394 pereprissa
1289 3330 1389 3381 insane
1433 3351 1435 3355 ·

206 3416 338 3475 currens
357 3421 516 3473 insonuerit
539 3424 721 3488 populorum.
743 3422 841 3476 Actum
862 3425 906 3474 est
924 3422 1015 3488 igitur
1043 3422 1075 3475 iu
1093 3420 1205 3487 Epheso
1225 3435 1310 3486 snper
1336 3421 1389 3475 hoc

195 3507 364 3580 proprium
382 3516 573 3586 commentum·
586 3515 729 3577 gestorum
748 3509 861 3584 (contra
878 3512 933 3564 illa
961 3511 1113 3580 peregriua
1141 3510 1318 3576 dogmatibus
1338 3510 1387 3565 Ee-

189 3593 346 3668 alcsiae),
361 3600 543 3654 conflrmante
563 3601 671 3666 syuodo
689 3603 847 3668 expositam
866 3600 948 3654 fidem
968 3618 985 3654 a
1003 3601 1141 3653 trecentis
1161 3600 1253 3652 decem
1276 3604 1305 3652 et
1325 3603 1387 3654 octo

180 3682 353 3743 Patribus
372 3691 491 3757 nostris,
507 3691 554 3757 qui
573 3691 649 3744 circa
668 3706 748 3743 suum
769 3696 878 3757 tempus
897 3691 928 3743 iu
948 3691 1052 3744 Nicaea
1080 3689 1244 3754 cougregati
1272 3694 1387 3744 suut...

172 3770 383 3833 adiecimus
402 3795 469 3833 vero
488 3777 532 3851 (iu
551 3780 678 3834 Concilio
698 3777 854 3851 Nprhesiuo)
870 3784 899 3832 et
921 3784 1081 3833 sanctornm
1106 3781 1309 3846 beatorumque
1336 3780 1388 3835 Pa·

172 3865 269 3912 irum
286 3869 490 3936 testimonia,
510 3875 541 3923 nt
560 3871 654 3925 sciant
672 3872 820 3936 adeuntes,
846 3869 980 3938 quomodo
1008 3870 1212 3922 intellexerint
1239 3870 1288 3922 illi
1318 3869 1385 3922 tldei
1458 3890 1461 3895 ·

172 3944 386 4026 Vmbohum,
403 3960 451 4026 qui
470 3965 500 4014 et
518 3977 568 4013 nos
587 3960 666 4030 ipsos
686 3961 833 4027 mysteriis
853 3962 1013 4013 imbuerant
1031 3959 1150 4031 (quippe
1170 3975 1225 4012 nou
1240 3959 1273 4011 de
1289 3961 1386 4015 verbis

172 4032 325 4110 mur·
339 4066 410 4118 quac
425 4056 455 4105 et
467 4053 617 4107 Nestorius
630 4051 780 4106 retinenda
794 4066 854 4104 esse
868 4051 954 4118 dixit,
970 4051 1017 4105 sed
1031 4051 1065 4103 de
1081 4065 1165 4102 seusu
1182 4045 1387 4124 dogmatum)...

172 4131 216 4168 ³⁰
250 4135 361 4194 Vero
381 4143 554 4209 simpliciter
573 4141 685 4211 quidem
713 4142 900 4195 alienantium
929 4145 958 4194 et
985 4141 1259 4195 inconsideratorum
1288 4146 1388 4195 contra

173 4218 216 4291 ¹,
235 4223 423 4286 ‘venant
441 4233 538 4303 rerba,
560 4248 592 4288 ea
611 4248 681 4301 quae
700 4235 769 4286 sunt
786 4231 962 4301 Apollinarli
979 4233 1027 4286 vsl
1041 4230 1106 4285 Arli
1124 4230 1186 4287 sive
1199 4231 1331 4286 Eunomli
1344 4245 1386 4285 urs
