3120 4988
795 326 833 341 —
855 293 912 358 {80
934 325 972 340 —

302 446 305 450 -
365 397 406 465 3¹⁰
428 397 579 470 Difficile
602 398 701 469 dictu
724 403 797 484 est,
816 399 903 491 quid
925 400 995 468 eibi
1018 399 1106 468 velit
1121 399 1299 470 Macarius
1324 422 1392 490 pro
1409 422 1476 470 sua

298 505 365 576 illa
386 506 548 575 absoluta
570 506 860 577 immutabilitate
876 506 1046 575 formulae
1062 506 1235 576 Nicaanae
1257 507 1475 596 appellando

298 614 342 685 ad
366 614 614 704 professionem
636 615 719 683 fidei
742 614 935 686 Iustiniani
965 615 1200 705 imperatoris.
1225 616 1386 683 Primum
1418 615 1474 684 ait

297 721 496 812 imperator,
521 721 755 791 necessarium
778 744 814 790 se
837 728 981 812 putasse
1008 737 1151 789 «rectae
1171 721 1258 811 fidei
1281 722 1482 810 confessio,

297 852 371 896 aem
394 833 472 918 (την
496 854 556 906 της
582 827 677 920 ὀρθης
702 853 845 906 sacceus
871 833 1069 925 ὀμολογιαν)
1091 851 1180 922 quae
1201 830 1239 898 in
1262 837 1389 899 sancta
1404 830 1473 898 Dei

296 937 456 1007 Ecclesia
479 937 715 1028 praedicatur,
734 938 912 1027 praesenti
936 939 1051 1007 edicto
1075 939 1189 1008 facere
1206 940 1471 1009 manifestans

297 1045 386 1114 Tum
410 1047 569 1136 sequitur
592 1045 765 1133 expositio
787 1044 869 1113 fidei
893 1046 935 1113 de
959 1046 1022 1114 SS.
1044 1046 1223 1115 Trinitate
1245 1053 1281 1114 et
1299 1046 1471 1135 prolixis·

296 1151 382 1220 sime
404 1152 447 1222 de
469 1152 735 1235 incarnatione,
761 1152 911 1241 prolatis
933 1153 1167 1222 Conciliorum
1198 1153 1472 1222 definitionibus

296 1279 336 1326 ac
358 1259 502 1327 Petrum
526 1258 740 1343 Athanasii,
775 1261 963 1350 utriusque
996 1260 1160 1348 Gregorii
1182 1261 1402 1329 Nazianzani
1433 1272 1472 1332 et

295 1366 463 1456 Nysseni,
488 1366 620 1455 Cyrilli
643 1369 840 1436 sententiis.
867 1367 987 1434 Tertio
1011 1374 1138 1452 mouet,
1164 1368 1254 1436 hanc
1278 1370 1473 1437 confessio-

296 1496 372 1542 nem
396 1473 478 1541 fidei
501 1496 569 1541 non
593 1497 666 1542 esse
690 1474 796 1541 eliam
813 1497 916 1565 quam
932 1474 1103 1542 traditam
1119 1496 1140 1541 a
1155 1475 1309 1562 Christo,
1327 1477 1471 1565 praedi·

296 1586 409 1652 catam
432 1584 475 1649 ab
497 1583 694 1673 Apostolis,
721 1584 892 1677 aduersus
914 1582 1042 1650 Arium
1070 1582 1247 1651 definitam
1271 1606 1292 1651 a
1314 1583 1388 1654 PP.
1404 1585 1470 1654 Ni·

296 1691 411 1760 caenis
428 1691 464 1759 in
481 1692 649 1780 symbolo,
664 1692 834 1761 adversus
848 1691 1181 1760 Pneumatomachos
1201 1691 1429 1782 explanatam
1447 1717 1470 1760 a

294 1798 448 1868 Concilio
472 1797 879 1889 Constantinopolitano,
906 1810 942 1868 et
965 1820 987 1866 a
1010 1799 1177 1868 Patribus
1199 1800 1392 1891 Ephesinis
1425 1825 1470 1870 ac

294 1905 631 1976 Chalcedonensibus
661 1906 832 1977 adversus
856 1907 1057 1975 Nestorium
1092 1914 1129 1975 et
1151 1907 1389 1998 Eutychetem
1414 1933 1468 1978 se·

294 2015 444 2084 cundum
475 2014 565 2083 idem
601 2015 796 2104 symbolum
832 2015 1060 2086 vindicatam.
1085 2017 1190 2083 Fides
1221 2017 1312 2084 enim
1336 2021 1469 2110 quovis

293 2133 445 2212 tempore
477 2144 547 2190 una
576 2132 630 2191 est
653 2129 689 2191 et
722 2123 1029 2192 incommutabilis.
1059 2125 1313 2215 «Haeo-(quae
1336 2126 1376 2193 in
1402 2150 1469 2196 sua

293 2231 508 2301 confessione
523 2240 639 2299 rectas
662 2232 743 2299 fidei
765 2233 1006 2321 praemiserat)
1019 2231 1072 2299 ita
1088 2254 1166 2300 cum
1183 2231 1383 2302 universali
1399 2236 1469 2304 Dei

292 2339 452 2408 Eloolesia
482 2339 709 2423 confitentes,
743 2341 833 2409 scire
869 2341 1030 2408 volumus
1066 2361 1183 2406 omnes
1215 2339 1466 2428 Christianos,

293 2446 383 2539 quod
407 2445 502 2514 siout
525 2467 631 2513 unum
656 2447 766 2513 Deum
790 2451 826 2514 et
840 2445 1026 2513 Dominum
1044 2445 1220 2538 habemus,
1236 2448 1288 2514 ita
1302 2455 1339 2515 et
1357 2470 1466 2517 unam

292 2550 407 2620 fldem.
440 2553 516 2620 Una
539 2554 629 2618 enim
653 2552 808 2640 definitio
826 2552 913 2640 fidei
936 2566 998 2636 est,
1016 2554 1170 2642 confiteri
1185 2567 1217 2619 et
1240 2567 1328 2620 recte
1349 2557 1464 2645 plori-

287 2661 396 2746 ficore
417 2661 576 2740 Patrem,
602 2675 634 2727 et
658 2657 833 2730 obsistam
856 2662 990 2730 Filium
1013 2661 1098 2744 Dei,
1125 2676 1157 2728 et
1180 2663 1353 2751 Spiritum
1376 2667 1464 2734 Son·

291 2781 393 2837 otum.
417 2768 516 2836 Hanc
540 2768 788 2838 confessionem
813 2770 1030 2838 custodimus
1047 2770 1085 2838 in
1103 2774 1205 2862 quani
1228 2777 1264 2838 et
1286 2772 1463 2861 baptizati

291 2899 424 2961 snmus,
450 2878 613 2944 donatam
637 2877 773 2968 quidem
790 2898 812 2942 a
828 2899 952 2964 magno
975 2879 1047 2944 Deo
1071 2886 1106 2944 et
1130 2876 1316 2946 Salv'atore
1338 2889 1463 2949 nostro

290 2984 371 3053 Iesu
395 2983 536 3053 Christo
566 2984 700 3053 sanctis
729 2985 807 3052 suis
837 2983 1022 3074 discipulis
1053 2989 1090 3052 et
1112 2985 1314 3074 Apostolis,
1340 2988 1386 3054 ab
1411 2988 1461 3056 eis

291 3096 406 3161 autem
428 3091 662 3182 praedicatam
688 3093 822 3159 intuto
849 3091 996 3180 mundo,
1023 3093 1172 3160 trecenti
1203 3097 1320 3178 autem
1343 3093 1460 3163 decem

290 3207 326 3269 et
348 3205 425 3269 octo
449 3222 496 3268 ss.
514 3200 636 3269 Patres
660 3199 799 3268 collecti
821 3199 858 3269 in
881 3198 1012 3269 Nicaea
1034 3200 1204 3269 adversus
1227 3198 1371 3284 Arium,
1397 3202 1459 3270 illo

290 3330 367 3379 cum
390 3329 456 3376 sua
479 3308 658 3398 impietate
686 3308 933 3391 condemnato,
960 3305 1098 3374 eoadem
1121 3308 1368 3394 confessionem
1390 3311 1459 3376 siae

288 3415 473 3504 symbolum
496 3429 528 3482 et
551 3414 742 3482 doctrinam
759 3415 847 3504 fidei
869 3418 947 3501 (την
967 3417 1072 3492 durna
1090 3419 1310 3511 ὀμολογιανή
1336 3423 1457 3510 συμβο-

288 3527 346 3588 lou
370 3547 427 3590 και
452 3522 593 3616 μαθημα
618 3549 678 3601 της
703 3527 861 3610 storeas)
885 3524 1110 3592 tradiderunt
1140 3533 1282 3594 sanctae
1304 3527 1372 3595 Dei
1394 3529 1453 3596 Ec·
1551 3598 1554 3607 ,

289 3632 425 3722 clasiae,
452 3639 486 3702 et
508 3637 588 3723 post
610 3631 701 3729 illos!
716 3656 762 3700 ss.
788 3631 856 3701 PP.
875 3631 1234 3724 Constantinopoli...
1261 3638 1374 3704 secuti
1398 3658 1453 3727 per
1523 3686 1554 3709 -

183 3757 185 3761 ’
289 3740 403 3811 omnia
426 3741 515 3810 idem
539 3746 699 3810 sanctum
723 3739 919 3830 symbolum
938 3739 1111 3811 traditum
1127 3765 1148 3810 a
1163 3740 1331 3812 trecentis
1343 3745 1453 3815 decem
1487 3800 1549 3839 ,ι

290 3961 457 4027 figmentum
477 3961 618 4028 epistolae
629 3959 716 4032 (apud
735 3960 828 4015 Manui
840 3961 933 4016 xv11.
948 3977 977 4028 p.
990 3958 1056 4032 bae)
1071 3961 1194 4016 nondum
1214 3966 1277 4016 erat
1300 3976 1455 4030 procusum
1532 4018 1547 4045 .,

288 4053 336 4105 vel
356 4055 432 4105 certe
450 4066 485 4104 ex
505 4050 683 4104 conscientia
702 4051 815 4105 fraudis
833 4051 869 4103 ab
888 4050 951 4118 ipso
970 4051 1073 4104 Photio
1092 4054 1298 4119 occultabatur,
1315 4069 1370 4121 qno
1391 4059 1552 4117 mm...

288 4157 355 4210 pore
374 4142 427 4195 illa
447 4158 525 4196 snam
542 4143 750 4208 Mystsgogiam
768 4142 922 4208 scribebat,
937 4142 1112 4209 aliquamdiu
1131 4147 1196 4210 post
1214 4145 1321 4202 obitum
1340 4141 1554 4205 Ioannis.

293 4235 323 4284 et
353 4230 440 4284 etlam
471 4233 643 4284 successoris
672 4230 733 4284 eins
760 4230 984 4284 Hadrianum.
1009 4227 1095 4304 (Vide
1123 4233 1332 4299 Mystagogiam
1360 4234 1470 4288 Prot·
1523 4240 1554 4289 n'i

289 4339 318 4377 n.
335 4322 425 4376 78-89
443 4337 503 4375 cum
522 4323 600 4375 notis
614 4325 651 4375 ol.
665 4323 897 4387 Hergenroetber
911 4321 1047 4397 editoris,
1058 4325 1088 4375 et
1102 4319 1226 4376 eiusdem
1240 4326 1385 4391 insignem
1405 4322 1468 4378 H
1539 4327 1554 4376 i·

289 4412 407 4467 storiam
425 4412 524 4466 Photii
542 4412 575 4466 Ι1’.
591 4413 631 4465 ΙΙ.
646 4428 674 4479 p.
691 4410 754 4464 541.
769 4408 857 4483 uqa).
