3158 4980
698 345 735 359 -
757 311 815 375 263
837 345 876 359 -

192 417 352 510 quitur„
380 419 419 504 (i.
439 442 469 486 e.
489 419 572 509 quia
595 425 667 488 tres
691 442 857 510 personae
881 442 996 506 omnes
1020 419 1218 510 loquuntur
1242 438 1311 486 una
1327 417 1378 485 lo-

200 528 353 614 cutione,
380 527 473 595 sicut
495 535 581 596 sunt
597 550 668 595 una
684 529 850 613 essentia,
878 551 965 621 quae
984 551 1066 597 vero
1091 528 1244 596 essentia
1267 537 1303 596 et
1324 528 1375 594 lo-

200 637 296 702 cutio
318 643 373 704 est
396 636 434 703 in
458 637 564 705 Patre
594 661 662 704 non
694 637 967 723 communicata,
994 646 1030 707 et
1054 637 1129 704 ideo
1157 637 1265 705 Pater
1296 660 1317 702 u
1345 659 1379 701 ra
1407 638 1413 647 '

197 740 378 834 loquitur;
406 743 443 809 in
458 743 554 811 Filio
579 751 633 813 est
656 767 677 811 a
701 747 819 831 Patre,
846 748 883 814 in
901 745 1041 833 Spiritu
1064 768 1085 812 a
1108 746 1213 814 Patre
1229 753 1266 814 et
1281 744 1376 811 Filio

198 873 259 918 seu
282 872 304 915 a
328 852 434 919 Patre
463 875 524 940 per
547 852 682 921 Filium
707 838 983 923 communicata:
1015 853 1132 922 Filius
1158 860 1193 921 et
1217 853 1375 941 Spiritus

199 954 291 1046 nihil
317 979 339 1020 a
355 979 388 1020 se
412 954 599 1046 loquitur).
626 959 789 1052 Ambros.
814 960 857 1026 de
879 957 973 1049 Spir.
994 957 1292 1028 S.1.11.11.134.
1313 958 1376 1044 (cf.

200 1083 289 1153 quae
314 1062 565 1152 descripsimus
589 1088 698 1155 snpra
721 1092 754 1156 p.
776 1067 871 1154 228.)

269 1168 355 1234 Tam
391 1168 522 1257 igitur‘
542 1193 689 1241 erronea
724 1180 777 1242 est
812 1173 973 1241 doctrina
1007 1193 1110 1264 quam
1146 1171 1238 1240 falsa
1273 1194 1377 1260 argu·

201 1275 388 1360 mentatio,
415 1300 484 1368 qua
511 1278 668 1348 homines
693 1281 756 1349 isti
780 1282 825 1350 ad
853 1283 1107 1351 obscurandum
1135 1281 1379 1372 aliquaratio·

200 1404 243 1450 ne
264 1383 462 1451 unanimem
479 1407 683 1455 consensum
698 1389 856 1473 Petrum,
877 1389 971 1458 reale
996 1389 1183 1458 discrimen
1205 1389 1298 1457 inter
1323 1390 1380 1457 do·

201 1493 351 1562 ctrinam
364 1495 596 1584 processionis
612 1521 634 1563 a
649 1498 758 1565 Patre
774 1514 806 1564 et
821 1498 917 1564 Filio
933 1503 994 1564 aut
1015 1522 1037 1561 a
1052 1497 1158 1564 Patre
1174 1497 1380 1587 perFiliom

202 1603 401 1692 confingere
433 1605 629 1675 moliuntur
663 1612 785 1675 contra
821 1606 989 1675 disertam
1012 1605 1248 1674 definitionem
1273 1605 1380 1673 simul

199 1718 234 1780 et
250 1713 520 1800 explicationem
536 1714 747 1784 oecumenici
764 1714 914 1783 Consilii
929 1713 1140 1782 Florentini.
1161 1715 1254 1782 «Hoc
1278 1736 1377 1782 sacro

201 1819 400 1889 universali
416 1824 632 1912 approbante
649 1823 805 1891 Concilio
822 1822 1024 1906 diffinimus,
1044 1828 1086 1889 ut
1106 1820 1191 1890 haec
1215 1820 1296 1888 fidei
1322 1844 1380 1890 ve·
1488 1890 1491 1897 Α

200 1929 293 1996 ritas
308 1929 351 1996 ab
369 1930 527 1999 omnibus
545 1930 754 2000 christianis
772 1931 937 1999 credatur
955 1936 990 1997 et
1006 1928 1235 2018 suscipiatur,
1256 1927 1377 2018 sicque

208 2058 325 2104 omnes
340 2038 586 2126 profiteantur,
603 2040 695 2130 quod
711 2039 871 2129 Spiritus
887 2038 1037 2107 Sanctus
1054 2060 1096 2105 ex
1113 2038 1219 2104 Patre
1234 2041 1269 2103 et
1284 2034 1379 2102 Filio

202 2145 431 2213 aeternaliter
455 2153 572 2214 est....
588 2155 624 2215 et
647 2170 690 2215 ex
715 2155 863 2239 utroque
887 2145 1117 2214 aeternaliter
1135 2151 1312 2233 tamquam
1336 2143 1379 2209 ab

203 2277 271 2322 uno
286 2255 461 2344 principio
479 2261 514 2324 et
531 2257 635 2325 unica
651 2256 844 2346 spiratione
860 2254 1036 2343 procedit,
1056 2252 1271 2318 declarantes
1288 2247 1380 2342 quod

205 2359 255 2444 id,
281 2359 372 2454 quod
394 2387 438 2431 ss.
458 2363 608 2431 doctores
631 2377 664 2430 ct
687 2365 812 2431 Patres
828 2363 961 2446 dicuat,
980 2386 1021 2429 ea
1038 2362 1146 2428 Patre
1163 2382 1228 2448 per
1245 2358 1380 2426 Filium

200 2467 379 2556 procedere
401 2470 572 2556 Spiritum
595 2474 771 2554 Sanctum,
790 2471 836 2537 ad
860 2473 946 2537 tunc
962 2470 1236 2558 intellipentium
1253 2464 1378 2548 tradit,

202 2591 242 2641 ut
259 2600 326 2665 per
350 2580 409 2644 hoc
432 2581 661 2668 sipaificetar,
687 2581 822 2647 Filiam
845 2603 979 2671 quoque
994 2602 1062 2644 esse
1077 2575 1259 2643 secundam
1276 2577 1382 2644 Grae-

203 2707 256 2750 cos
279 2683 418 2776 quidem
442 2711 579 2754 causa-m
602 2691 762 2776 (aceras),
781 2686 962 2755 secundom
978 2688 1124 2756 Latinos
1148 2708 1224 2751 aero
1243 2685 1380 2770 princi-

197 2779 299 2879 pium
328 2793 574 2862 'susbsistuntiac
609 2798 764 2884 Spiritus
789 2799 935 2877 Sancti,
971 2797 1061 2861 sicut
1098 2807 1130 2858 et
1153 2793 1306 2859 Patrem.
1332 2789 1382 2857 Et

203 2900 365 2990 quoniam
390 2903 504 2970 omnia
529 2925 616 2994 quae
640 2905 759 2972 Patris
785 2910 881 2987 sunt,
899 2904 1006 2969 Pater
1022 2902 1096 2989 ipse
1114 2899 1300 2987 unigenito
1317 2921 1380 2965 suo

203 3007 381 3095 gignendo
405 3010 504 3078 dedit
527 3018 667 3100 praeter
693 3035 767 3080 csse
791 3013 942 3094 Patrem,
966 3010 1025 3075 too
1050 3011 1162 3097 ipsum
1186 3004 1278 3097 quod
1300 3008 1378 3094 Spi-

202 3117 293 3181 ritus
317 3118 463 3184 Sanctus
478 3119 633 3206 procedit
651 3143 692 3186 ea
706 3120 816 3200 Filia,
835 3121 908 3207 ipse
924 3117 1041 3185 Filius
1059 3141 1080 3182 a
1097 3117 1206 3183 Patre
1224 3129 1381 3180 aeterna-

203 3220 286 3287 liter
299 3223 410 3305 tabet,
427 3246 531 3317 aquo
548 3225 654 3294 etiam
666 3226 895 3296 aeternaliter
912 3223 1056 3313 genitus
1070 3229 1150 3290 estr
1171 3220 1296 3307 (Hand.
1312 3219 1377 3288 IX.

203 3352 239 3417 p.
256 3329 336 3398 422.
356 3330 449 3417 986).

271 3439 346 3507 Hoc
362 3464 479 3509 errore
496 3443 648 3528 excluse,
668 3467 746 3512 oum
761 3444 905 3530 Langen
928 3463 995 3508 uon
1013 3440 1088 3507 eine
1105 3437 1382 3506 contradictione

205 3547 345 3614 tandem
362 3547 436 3635 ipse
454 3550 612 3616 fateatur
629 3556 679 3638 (p.
699 3550 805 3634 me),
822 3549 916 3615 inter
936 3546 1230 3637 praedicationem
1247 3567 1381 3634 proces·

206 3652 316 3719 sionis
332 3653 408 3721 sive
426 3678 448 3720 a
465 3657 574 3722 Patre
590 3670 622 3721 et
638 3657 734 3723 Filia
752 3657 826 3726 sive
845 3682 866 3721 a
883 3657 991 3723 Patre
1006 3677 1068 3742 per
1084 3653 1218 3719 Filiam
1238 3676 1383 3721 aessen-

204 3761 290 3828 tiale
316 3762 537 3831 discrimenr
564 3765 657 3854 apud
682 3765 806 3832 Patres
831 3763 971 3832 nullum
987 3784 1074 3848 esse;
1094 3762 1275 3830 videamus
1296 3763 1378 3844 iarn,

206 3892 308 3960 quam
333 3870 408 3960 ipse
432 3872 650 3957 doctrinam,
671 3873 715 3940 ad
739 3872 991 3939 eliminandum
1010 3892 1073 3958 pro
1097 3892 1160 3937 suo
1182 3892 1283 3956 scopo
1300 3870 1382 3936 fidei

204 3980 409 4065 articulum,
436 3984 611 4071 repererit
634 3989 715 4049 ante
739 3980 891 4048 schisma
912 3978 1124 4046 Photianum
1156 3978 1192 4044 in
1216 3977 1385 4046 universa

202 4085 364 4155 Ecclesia
387 4091 602 4178 propositam
626 4096 661 4157 et
685 4088 935 4178 praedicatam.
1450 4071 1455 4081 ⁵
