3120 4988
694 244 732 265 ..
752 216 792 281 94
813 250 851 267 -

191 343 295 414 opero
317 324 394 394 sius
416 327 535 394 aare
556 322 709 393 norrdum
730 329 851 393 assent
869 323 907 392 in
930 324 1042 392 luoem
1056 319 1166 392 edite.
1193 320 1368 412 Expedit·

192 453 269 502 mus
292 452 375 520 ergo
399 452 491 499 nune
506 430 647 500 tandem
663 433 707 499 ab
724 430 921 500 eruditione
939 429 1085 500 Maeari‘i
1102 429 1248 498 Petrum
1267 429 1366 498 testi-

191 540 307 607 monia
330 559 398 607 nen
422 537 487 606 illa
510 539 692 608 notissima
715 541 929 631 affirmantia
960 539 1117 629 Spiritus
1142 538 1267 606 Sancti
1290 556 1368 625 pro*

191 650 368 725 restionem
384 670 406 712 o
423 648 541 730 Patre,
561 669 663 740 quam
687 648 727 714 in
751 647 949 738 Scriptura,
970 649 1008 715 in
1024 645 1207 735 symbolis,
1226 645 1264 712 in
1282 646 1367 717 Con·

191 752 297 837 oiliis,
323 753 360 819 in
384 753 528 820 Petrum
552 754 703 821 omnium
729 754 872 844 seriptis
895 754 991 823 etin
1014 752 1231 842 professione
1255 755 1366 822 totius

190 859 370 928 Eoolesiae
400 859 600 929 oatholioae
634 861 902 929 testatissimsm
925 866 961 929 et
984 867 1107 928 eontra
1140 859 1299 928 Atianos
1326 883 1366 930 aa

191 967 517 1058 pneumatomachos
552 967 705 1037 sollicite
740 991 874 1058 semper
897 968 1109 1038 inouloatam
1143 971 1310 1040 novimus
1328 976 1367 1040 at

193 1075 418 1162 eonfitemnr3
446 1077 505 1155 sed
528 1077 731 1145 testimonia
758 1077 977 1167 postulamus
1001 1076 1094 1145 hand
1118 1077 1259 1168 quidem
1290 1079 1366 1147 mil·

192 1182 284 1266 lena,
310 1190 352 1251 ut
374 1183 448 1273 ipae
473 1185 596 1266 iaetat,
615 1185 675 1253 sed
699 1184 822 1252 saltem
848 1184 968 1275 aliqua
984 1204 1072 1275 quae
1089 1184 1294 1254 contineant
1309 1206 1364 1252 aa·

191 1291 366 1379 parionem
391 1291 613 1372 Phocionem,
632 1290 803 1381 Spiritum
821 1315 889 1357 noa
903 1290 1083 1380 procedere
1097 1292 1203 1357 etiem
1220 1293 1365 1362 ortuo
1385 1305 1387 1309 '

192 1397 371 1467 Processio
395 1406 512 1467 autem
528 1400 655 1468 aFilio
671 1422 738 1467 non
763 1399 923 1468 sensibus
938 1399 1078 1483 alianis,
1098 1421 1184 1490 quon
1201 1399 1368 1470 schisma·

193 1505 256 1574 tiei
280 1527 341 1596 per
365 1506 573 1574 calumniam
599 1507 778 1577 doetrinae
805 1507 1003 1577 eatbolioas
1032 1508 1282 1597 obtruserunt‚
1308 1508 1369 1578 sed

194 1635 297 1682 seusu
320 1614 477 1702 genuino·
488 1614 720 1703 intelligenda
745 1622 797 1683 est
821 1614 1011 1683 seeundum
1028 1613 1366 1700 fidemeatholioam,

194 1738 262 1813 qua
284 1721 400 1790 Filius
425 1722 520 1791 aioni
539 1723 657 1790 omnia
681 1739 768 1814 quae
792 1729 875 1791 sunt
889 1719 1009 1790 Patris
1022 1724 1185 1812 (excepta
1203 1724 1368 1814 paterni·

194 1834 295 1918 tate),
321 1833 374 1899 ita
396 1832 501 1898 etiam
525 1831 596 1899 vim
621 1831 840 1920 spiratrioem
861 1831 1016 1900 ereditur
1033 1832 1160 1900 habere
1176 1835 1366 1902 eommuni-

151 1933 154 1939 ’
195 1949 308 2010 ostem
323 1962 345 2006 a
361 1941 480 2024 Patre,
498 1946 603 2031 atque
620 1941 703 2007 adeo
719 1927 823 2008 Pater
840 1950 894 2008 est
913 1939 1050 2032 quidem
1068 1938 1226 2030 Spiritus
1243 1940 1368 2011 Sancti

192 2049 403 2142 prinoipium
427 2048 502 2117 sine
526 2047 712 2138 principio,
739 2070 800 2116 seu
824 2054 879 2136 (ut
896 2047 1009 2117 saneti
1032 2049 1191 2116 doetores
1214 2047 1364 2140 loqutu-

192 2162 267 2244 tur)
290 2157 504 2248 prineipium
527 2156 766 2246 primordiale,
785 2157 843 2224 sed
866 2155 984 2225 Filius
1009 2155 1103 2224 siout
1120 2156 1279 2226 Deus-de
1295 2156 1366 2228 Dee

194 2273 230 2336 et
253 2289 344 2334 uuus
369 2288 444 2334 eum
468 2266 575 2332 Patre
589 2265 696 2348 Deus,
711 2263 764 2332 ita
787 2265 825 2331 in
849 2264 1020 2333 relatione
1037 2265 1079 2332 ad
1096 2285 1282 2353 personam
1297 2275 1368 2336 ter

193 2373 280 2442 tiam
304 2381 358 2442 est
380 2373 593 2464 prinoipium
617 2373 660 2442 de
684 2373 857 2463 prineipio
873 2377 1032 2442 sinuum
1056 2395 1132 2442 oum
1146 2373 1364 2465 Patre‘prin-

197 2503 340 2571 mptum.

260 2704 293 2782 fl.
312 2696 342 2765 Ι.
360 2697 412 2765 Da
427 2697 574 2765 Patrem
590 2698 653 2788 qui
673 2696 897 2780 indurantur,
915 2696 1072 2766 doetrinae
1094 2700 1298 2796 animitas.

261 2911 300 2982 Si
324 2928 380 2980 eos
404 2911 499 3001 ipsos
521 2915 642 2981 textus
665 2914 812 2982 Petrum
840 2930 926 3006 quos
949 2913 1126 2984 biaoarits
1158 2914 1203 2983 ed
1228 2915 1364 2986 denton-

194 3020 375 3090 strandam
390 3018 597 3089 Photianam
622 3023 832 3091 sententiam
849 3046 890 3091 ex
907 3023 1128 3117 eontentibus
1145 3022 1290 3093 atulsd's
1307 3024 1364 3095 a'd·

195 3120 306 3212 duait,
333 3128 527 3218 perlustres
551 3128 754 3214 universos,
781 3132 817 3198 in
841 3131 887 3199 iis
910 3129 1002 3198 nihil
1022 3154 1167 3221 prorsus
1190 3118 1292 3201 aliud
1316 3156 1367 3203 re-

192 3234 307 3324 peries
331 3257 434 3326 quam
458 3236 584 3324 dogma
607 3236 831 3320 aetholioum,
859 3236 1032 3327 Spiritum
1057 3236 1224 3307 Senatum
1250 3263 1367 3329 prooe-

194 3341 274 3409 dere
298 3365 319 3408 a
341 3343 471 3426 Patre,
497 3343 637 3412 Patrem
671 3364 746 3412 esse
781 3344 993 3433 prinoipium
1026 3344 1115 3414 Filii
1149 3351 1184 3413 et
1209 3345 1366 3436 Spiritus

195 3448 340 3537 Saneti3
367 3451 427 3519 sed
450 3451 568 3517 aulius
592 3472 710 3521 eornm
734 3452 833 3521 dotet
856 3452 1028 3543 Spiritum
1054 3452 1221 3522 Sanitium
1248 3457 1365 3543 prooe-

193 3557 270 3625 dere
293 3581 315 3623 a
338 3556 408 3624 solo
434 3557 553 3640 Patre,
578 3559 630 3627 ita
654 3566 694 3627 ut
718 3559 868 3649 spiratio
891 3584 958 3626 aon
981 3563 1030 3626 ait
1053 3563 1237 3627 eommunis‘
1259 3558 1365 3630 Patri

151 3750 160 3764 .
194 3666 227 3734 et
248 3666 358 3750 Filio,
384 3662 556 3758 adquam
580 3672 797 3758 asperiorem
819 3668 1030 3759 probandam
1048 3690 1069 3735 a
1084 3652 1239 3737 ldaeario
1263 3661 1364 3740 indu·

194 3780 334 3862 ountur;
354 3773 478 3866 illique
502 3775 572 3864 ipsi
596 3798 682 3867 quos
705 3777 805 3860 citat,
821 3776 877 3845 vel
896 3775 1053 3868 plerique
1069 3776 1213 3850 disertis
1231 3778 1362 3862 verbis,

193 3882 251 3951 vel
274 3882 387 3950 adhue
412 3882 543 3952 elarius
569 3884 766 3971 exponendo
790 3883 995 3951 relationem
1019 3885 1146 3974 spineti
1163 3885 1206 3952 ad
1224 3885 1366 3953 Patrem

195 3995 231 4059 et
253 3990 386 4059 Filium
412 3990 467 4059 vel
491 3991 536 4058 ad
560 3991 699 4060 Patrem
725 4015 785 4082 per
799 3990 946 4075 Filium,
966 3993 1176 4082 profitentur
1195 3994 1300 4063 fidem
1317 4017 1367 4064 re·

195 4097 347 4166 velatam
363 4098 405 4167 de
424 4100 642 4189 processione
659 4098 786 4168 tertiae
802 4122 967 4189 personae
984 4123 1005 4168 a
1019 4101 1132 4192 prima
1147 4103 1183 4169 et
1199 4103 1365 4172 secunda.

261 4202 334 4272 Imo
351 4205 441 4297 quod
457 4207 494 4274 iu
511 4205 592 4274 aliis
605 4206 812 4298 quibusdam
829 4208 1053 4297 dogmatibus
1068 4208 1214 4293 eccidit,
1227 4200 1368 4302 quando

195 4313 319 4382 Patres
342 4321 423 4383 ante
458 4321 570 4383 ortam
604 4315 878 4386 controversiam
913 4322 950 4386 et
971 4317 1123 4388 noudum
1157 4317 1369 4392 distinctius
