3120 4988
753 354 791 367 ..
813 323 850 383 14
872 354 909 367 .-

248 428 456 497 immanente
485 429 721 517 processione,
747 434 784 496 et
813 428 1198 497 consubstantialitatis
1233 427 1414 495 deflectere

248 539 406 603 conatur.
434 533 597 627 Quinque
620 542 704 603 sunt
726 535 938 620 testimonia,
965 543 1088 604 contra
1111 558 1257 627 quorum
1273 557 1414 603 sensnm

248 643 437 729 genuinum
461 641 655 710 Photianus
680 665 761 710 suas
784 643 880 712 vires
902 643 1094 734 experitur.

444 885 475 960 5.
494 878 524 946 Ι.
543 879 594 946 Dc
617 881 820 947 Testimoaio
845 880 980 948 Oarion·
1001 879 1054 949 Io.
1072 879 1153 950 XV.
1169 879 1225 948 26.

318 1058 492 1128 Catholici
515 1060 650 1145 docent,
667 1060 721 1129 ait
736 1060 811 1147 ille,
840 1062 907 1128 cin
931 1061 1059 1145 verbis,
1078 1063 1142 1152 pat
1165 1085 1186 1127 a
1211 1061 1318 1128 Patre
1336 1086 1418 1150 pro·

252 1165 353 1249 cedit,
378 1189 446 1234 non
469 1168 609 1236 excludi
633 1168 691 1237 sed
715 1168 850 1237 includi
874 1168 1126 1260 processionem
1149 1194 1170 1237 a
1191 1169 1304 1254 Filio,
1332 1170 1417 1260 quia

253 1275 357 1343 Pater
379 1282 414 1343 et
436 1275 553 1343 Filius
572 1299 678 1347 unum
702 1284 786 1345 suut
809 1278 972 1360 essentia,
991 1284 1027 1346 et
1042 1277 1158 1345 Filius
1173 1276 1277 1345 hahet
1289 1278 1416 1361 omnia,

253 1403 340 1473 quae
363 1382 469 1452 habet
492 1384 642 1452 Pater.»
668 1384 798 1452 Contra
827 1385 1021 1454 doctrinam
1054 1385 1120 1453 hac
1143 1386 1255 1453 forma
1278 1384 1419 1453 minime

253 1489 385 1557 sincere
401 1490 612 1580 propositam
628 1491 805 1560 Macarius
821 1497 1103 1580 argumentatur.
1121 1492 1199 1559 Non
1214 1497 1269 1559 est
1284 1491 1421 1558 sincera

252 1601 395 1693 inquam
417 1599 503 1669 haec
527 1599 720 1670 catholicae
744 1599 923 1668 doctrinae
946 1599 1136 1687 expositio;
1162 1599 1311 1667 dicimus
1329 1598 1420 1666 enim

254 1707 426 1797 Spiritum
449 1709 633 1798 procedere
656 1730 677 1775 a
700 1707 805 1778 Patre
828 1714 864 1777 et
885 1707 992 1792 Filio,
1011 1707 1095 1798 quia
1116 1707 1222 1774 Pater
1245 1712 1280 1774 et
1301 1704 1421 1773 Filius

254 1837 401 1905 persona
423 1815 537 1904 prima
559 1825 596 1884 et
618 1816 772 1884 secunda
795 1837 902 1884 unum
936 1822 1021 1883 sunt
1043 1818 1080 1882 oi
1102 1815 1287 1902 spiratricc
1309 1813 1345 1880 in
1369 1836 1421 1880 re·

254 1921 385 1990 latione
408 1922 452 1990 ad
483 1945 663 2012 personam
695 1923 855 2008 tertiam,
881 1947 949 1992 non
973 1946 1056 1991 vero
1086 1924 1170 2013 quia
1205 1944 1312 1990 unum
1336 1928 1422 1989 sunt

224 2115 226 2118 Ι
256 2032 401 2096 caecatio
424 2030 489 2120 sub
512 2030 653 2098 formali
676 2031 813 2100 ratione
836 2031 1020 2101 esseutiae.
1048 2031 1150 2100 Sicut
1168 2031 1261 2098 ratio
1284 2050 1419 2118 proces-

256 2138 366 2206 sionis
388 2159 409 2204 a
425 2140 530 2207 Patre
548 2161 617 2206 non
640 2145 693 2217 est
716 2141 867 2208 essentia
884 2140 1080 2209 formaliter
1097 2145 1139 2208 ut
1154 2137 1316 2236 essentia,
1333 2157 1421 2225 quae

257 2252 311 2313 est
333 2247 523 2314 communis
545 2247 661 2316 tribus
684 2250 858 2339 personis,
885 2250 944 2319 sed
968 2249 1061 2318 ratio
1084 2254 1138 2318 est
1160 2250 1212 2332 vic
1244 2244 1419 2331 epirotricc

258 2353 294 2420 iu
318 2354 441 2440 Patre;
467 2354 635 2423 iteratio
659 2359 888 2445 processionis
912 2383 932 2426 a
954 2357 1059 2426 Patre
1081 2356 1244 2447 Filioque
1273 2376 1342 2421 non
1366 2358 1421 2418 est

257 2461 376 2529 unitas
399 2463 593 2548 essentiae,
619 2466 679 2534 sed
700 2469 754 2533 vis
775 2470 950 2556 spirotricc
973 2492 1043 2534 arro
1066 2467 1103 2535 in
1126 2469 1231 2534 Patre
1253 2467 1289 2532 et
1311 2460 1418 2542 Filio,

257 2569 295 2635 in
318 2569 421 2638 Patre
445 2559 582 2660 quidem
606 2574 897 2646 incommunicato
921 2575 1252 2668 (προκαταρκτικως)
1275 2571 1311 2637 in
1327 2567 1421 2636 Filio

257 2682 372 2744 autem
404 2683 657 2751 communicata
680 2707 701 2752 a
723 2686 840 2754 Patre.
877 2684 979 2753 Sicut
1002 2683 1165 2751 nimirum
1197 2679 1302 2746 etiam
1332 2676 1422 2743 Pho-

256 2785 346 2852 tiaui
380 2795 555 2876 coguntur
584 2792 713 2876 fateri,
747 2793 885 2862 Patrem
920 2815 995 2861 esse
1027 2788 1239 2880 principium
1263 2783 1423 2873 Spiritus

258 2892 379 2960 Sancti
402 2916 470 2961 non
494 2897 559 2965 sub
581 2898 716 2967 ratione
742 2898 895 2967 absoluti
915 2922 977 2967 seu
1000 2890 1172 2966 essentiae
1196 2891 1256 2960 sed
1280 2890 1344 2958 sub
1363 2909 1421 2954 ra-

257 3001 351 3069 tione
381 3002 525 3072 relativi
548 3004 584 3072 h.
610 3028 639 3074 e.
666 3008 875 3095 spiratorir,
912 3008 964 3075 ita
994 3005 1099 3073 Pater
1128 3008 1164 3070 et
1190 2998 1306 3068 Filius
1338 3002 1423 3064 sunt

259 3130 367 3176 unum
390 3110 604 3200 principium
628 3113 784 3202 Spiritus
808 3137 875 3182 non
895 3115 960 3183 suh
978 3112 1115 3181 ratione
1140 3107 1313 3191 absoluti,
1340 3126 1423 3196 qua·

258 3221 359 3286 tenus
382 3226 559 3288 suntuna
582 3223 744 3308 essentia,
769 3223 829 3293 sed
853 3225 917 3292 sub
941 3223 1077 3291 ratione
1101 3219 1247 3288 relativi
1270 3223 1311 3286 ut
1332 3240 1421 3281 acac

259 3327 423 3413 spirator.
449 3327 554 3395 Ratio
572 3352 652 3397 vero
676 3352 739 3399 cur
761 3333 813 3398 oie
835 3331 1009 3420 spiracrc'or
1023 3328 1072 3397 sit
1092 3350 1163 3396 una
1178 3348 1199 3393 a
1214 3325 1319 3394 Patre
1334 3348 1425 3393 com-

259 3423 438 3502 municata
459 3435 566 3520 Filio,
593 3439 791 3508 continetur
814 3439 851 3507 in
875 3440 938 3508 illo
954 3434 1211 3508 fundamentali
1234 3433 1421 3524 principio,

260 3543 332 3609 cin
357 3542 535 3612 Trinitete
558 3547 673 3615 omnia
696 3570 821 3632 unum,
846 3549 907 3614 chi
929 3573 998 3613 aon
1021 3547 1138 3612 obviat
1159 3543 1342 3609 relationis
1363 3564 1425 3641 op-

253 3652 397 3739 positio.
415 3678 431 3714 r
446 3651 684 3724 Nihilominus
700 3658 923 3748 proferantur
937 3654 1085 3724 Macarii
1102 3649 1424 3740 argumentationes

257 3759 482 3854 singillatim.

324 3865 359 3933 1⁰
383 3867 470 3936 Tres
492 3891 670 3959 personae,
696 3871 826 3964 inquit,
851 3894 959 3941 unum
982 3875 1065 3938 suut
1086 3866 1260 3953 essentia;
1287 3865 1346 3934 sed
1369 3871 1423 3932 at-

254 3975 392 4043 tributa
414 3978 612 4065 personalia
635 3978 701 4066 (ita
724 3979 799 4069 ipse
812 3979 985 4070 loquitur)
1000 3976 1154 4066 singulis
1169 3974 1328 4065 personis
1342 3978 1427 4040 sunt

258 4084 410 4171 propria,
426 4107 469 4151 ne
492 4107 569 4153 eum
593 4086 804 4176 Sabellianis
828 4087 970 4155 divinae
986 4086 1195 4175 hypostases
1210 4081 1424 4150 confundan-

256 4199 327 4258 tur.
358 4190 462 4258 aIam
486 4214 568 4260 vero
592 4194 729 4285 quando
753 4195 887 4264 dieitur
908 4196 1013 4262 Pater
1043 4213 1210 4282 generare
1232 4189 1365 4259 Filium
1388 4195 1425 4257 et

257 4298 392 4387 spirare
417 4298 590 4387 Spiritum
614 4301 793 4387 Sanctum,
814 4325 924 4370 sermo
940 4307 995 4370 est
1018 4300 1060 4368 de
1082 4301 1199 4384 Patre,
1218 4305 1260 4366 ut
1275 4320 1423 4386 persona
1471 4333 1477 4340 ·

258 4413 323 4489 est,
342 4405 531 4475 secundum
546 4406 647 4477 snum
662 4409 876 4481 attributum
891 4407 1082 4501 personale,
1101 4429 1168 4500 quo
1184 4405 1422 4496 distinguitur
