3120 4988
687 321 726 336 -
747 287 804 351 247
827 319 865 334 -

259 397 292 467 2⁰
314 399 466 468 Unicum
489 403 624 466 textum
646 394 962 465 10.XV1.14.15.
986 417 1027 463 ex
1052 396 1110 479 iis,
1129 396 1257 488 quibus
1281 398 1364 487 Spi-

197 507 302 575 ritum
328 508 497 576 Sanctum
513 530 533 574 a
549 506 642 574 Filio
666 507 760 574 sicut
782 528 803 573 a
826 506 931 573 Patre
956 506 1138 594 procedere
1161 529 1360 597 expressum
1442 497 1446 504 ⁵

192 637 263 684 esse
288 616 606 685 demonstravimus
630 614 686 703 (de
712 615 811 682 Trin.
830 614 896 682 Th.
912 613 1066 682 XXXII.
1083 638 1117 681 n.
1133 615 1193 702 L),
1219 616 1363 705 Langen

193 724 314 814 aliqua
337 747 401 791 sua
425 723 649 793 adnotatione
673 722 818 810 dignum
835 730 963 806 censet,
983 730 1024 790 ut
1040 721 1141 789 illurn
1157 725 1272 818 eodem
1290 725 1362 792 fere

191 833 305 917 modo,
333 858 399 925 quo
424 833 538 901 solent
560 831 738 914 Photiani,
765 830 809 898 ad
834 831 987 900 alienum
1011 852 1148 899 sensum
1173 831 1361 918 deflectat3
1474 909 1480 920 Ι

188 961 272 1006 nam
304 939 340 1005 in
372 939 458 1007 locis
489 938 639 1028 reliquis
663 943 720 1025 (ut
743 937 904 1027 superius
935 936 1004 1004 iam
1036 929 1364 1022 animadvertimus)

184 1068 252 1114 uec
280 1047 488 1116 catholicam
523 1045 850 1136 interpretationem
886 1046 1105 1136 argumentis
1139 1046 1358 1135 impugnare,

182 1177 252 1223 nec
278 1179 376 1223 suam
392 1156 584 1245 oppositam
610 1157 755 1245 probare
779 1178 901 1245 operae
925 1155 1077 1246 pretium
1102 1153 1218 1222 duxit.

260 1263 373 1331 Totus
398 1249 667 1332 commentarius
691 1264 939 1353 Langenianus
964 1264 1008 1332 ad
1024 1263 1126 1332 illum
1143 1263 1256 1331 locum
1273 1289 1307 1353 p.
1327 1263 1360 1332 ὅ.

181 1370 244 1438 ita
270 1370 387 1441 habet.
416 1357 564 1442 a'Verba
580 1373 686 1440 stiam
702 1372 754 1440 Io.
773 1372 869 1439 XVI.
890 1356 944 1439 14.
961 1395 1028 1463 sq.,
1048 1370 1088 1437 dc
1111 1396 1179 1438 mco
1204 1373 1364 1460 accipiet,

183 1479 287 1547 nihil
318 1481 416 1548 alind
446 1481 670 1572 exprimunt,
700 1480 770 1549 nisi
800 1480 890 1571 quod
914 1479 1071 1569 Spiritus
1094 1481 1245 1550 Sanctus
1277 1500 1365 1569 opus
1398 1463 1402 1472 ¹

180 1589 281 1657 Filii
307 1592 528 1679 perfecturus
553 1590 730 1681 impertiet
753 1589 983 1678 cognitiones,
1010 1611 1098 1680 quae
1116 1589 1185 1678 ipsi
1201 1588 1297 1657 Filio
1313 1610 1364 1656 es·

184 1696 396 1766 sentialiter
426 1700 586 1787 propriae
617 1704 725 1782 sunt,
759 1697 921 1788 quoniam
953 1696 1069 1765 Filius
1094 1695 1198 1764 habet
1222 1695 1363 1785 omnia',

183 1826 429 1897 quaecumque
457 1808 600 1896 propria
628 1812 714 1876 sunt
743 1805 866 1890 Patri,
899 1806 964 1872 hoc
995 1812 1050 1872 est
1072 1809 1183 1872 totam
1207 1805 1365 1874 divinam

184 1914 396 1982 essentiam.
423 1915 460 1982 Si
485 1915 618 1984 dictum
642 1921 746 1999 esset,
768 1913 807 1980 dc
830 1938 880 1981 me
904 1914 1063 1999 accipiet,
1083 1916 1241 2002 quaestio
1258 1914 1299 1982 de
1314 1936 1366 1982 es·

187 2021 337 2089 sentiali
362 2021 500 2110 origine
525 2023 682 2113 Spiritus
713 2023 835 2092 Sancti
867 2023 936 2089 iam
960 2021 1024 2090 hoc
1048 2020 1123 2110 ipso
1148 2027 1248 2090 textu
1272 2030 1365 2091 esset

192 2127 353 2195 definita.
380 2128 431 2197 At
464 2130 594 2215 verba,
620 2128 661 2197 de
684 2155 752 2197 nico
767 2180 776 2214 ,
801 2137 837 2198 et
867 2131 983 2194 omnia
1013 2150 1241 2219 quaecamque
1264 2129 1366 2195 babet

190 2235 313 2317 Pater,
340 2258 408 2303 non
431 2244 578 2325 possunt
601 2237 759 2326 intelligi
783 2238 824 2306 de
847 2236 1082 2306 relationibus
1105 2221 1363 2327 personalibus,

194 2343 255 2411 sed
290 2346 528 2413 tantummodo
558 2347 599 2415 de
629 2347 753 2416 divina
784 2346 948 2416 essentia.
973 2347 1139 2437 Adeoque
1171 2348 1277 2416 etiam
1301 2349 1365 2418 hoo

193 2446 270 2520 loco
294 2452 405 2521 solnm
430 2455 573 2541 dicitur,
593 2455 780 2524 essentiam
804 2454 960 2545 Spiritus
984 2458 1105 2526 Sancti
1128 2479 1203 2526 esse
1227 2457 1364 2526 deriva-

192 2564 265 2628 tam
290 2563 333 2630 ab
356 2565 508 2632 essentia
531 2564 662 2648 Patris,
689 2584 776 2655 qnae
800 2563 905 2631 simul
930 2565 978 2632 eit
1001 2566 1155 2633 essentia
1177 2565 1312 2635 Filii.»

258 2669 350 2738 Mira
374 2697 456 2741 sane
480 2673 592 2741 oratio
619 2673 864 2741 cProfessoris
888 2671 1089 2762 theologiae
1113 2672 1307 2741 catholicae
1322 2673 1361 2738 nl

193 2777 317 2845 Mirum
342 2780 419 2849 dico
442 2783 657 2865 orationem,
684 2781 768 2874 quia
791 2783 979 2850 confitetur
1003 2790 1040 2850 et
1063 2781 1212 2849 assumit
1235 2779 1365 2870 princi·

193 2886 252 2975 pia
275 2887 471 2973 verissima,
499 2890 535 2957 in
560 2890 687 2980 quibus
711 2889 890 2958 evidenter
914 2889 1132 2975 continetur,
1159 2894 1194 2955 et
1219 2910 1260 2956 ex
1288 2886 1365 2978 qui-

195 2993 258 3061 bus
282 2993 560 3064 ineluctabiliter
593 2998 836 3088 consequitur,
863 2998 899 3065 in
925 2997 1041 3066 verbis
1065 2995 1199 3064 Christi
1231 2995 1363 3064 directe

196 3103 374 3170 enuntiari
397 3105 649 3192 processionem
673 3105 828 3196 Spiritus
854 3105 975 3175 Sancti
999 3128 1042 3173 ex
1065 3104 1171 3190 Filio,
1191 3113 1232 3172 ut
1255 3127 1296 3172 ex
1313 3103 1365 3172 eis

196 3207 326 3279 inferat
355 3213 610 3284 conclusionem
642 3214 1146 3299 omninccontradictoriam,
1181 3214 1216 3281 in
1247 3212 1366 3282 verbis

194 3315 328 3395 Christi
358 3319 450 3389 nihil
482 3322 653 3391 contineri
682 3323 723 3391 de
747 3323 965 3413 processione
990 3322 1146 3412 Spiritus
1177 3319 1300 3390 Sancti
1323 3341 1365 3387 ex

192 3422 299 3496 Filio.

258 3535 446 3606 Enimvero
471 3537 680 3623 confitetur,
706 3537 798 3607 illud
829 3539 920 3630 quod
943 3536 1108 3606 Christus
1139 3536 1231 3605 dixit
1261 3559 1367 3602 meum

189 3642 224 3727 (a
241 3643 285 3711 de
302 3653 374 3713 meo
390 3646 539 3734 accipiet
557 3649 602 3734 n),
630 3632 704 3716 es'se
728 3648 839 3735 ipsam
863 3647 1021 3717 divinam
1045 3644 1300 3728 substantiam,
1325 3653 1368 3713 ut

186 3771 276 3821 sane
300 3755 628 3823 manifestissimum
651 3763 706 3824 est
736 3778 778 3823 ex
801 3756 937 3823 ratione
969 3776 1070 3846 quam
1094 3753 1264 3821 Dominus
1288 3754 1367 3821 sub·

184 3856 333 3928 iunxit:
361 3890 378 3925 a
396 3863 512 3929 omnia
537 3885 773 3955 quaecumque
797 3863 902 3932 habet
925 3865 1044 3948 Pater,
1072 3885 1144 3927 mec
1167 3873 1268 3942 arana·
1286 3882 1367 3947 pro·

178 3984 312 4055 pterea
336 3969 423 4055 dixi,
451 3968 589 4063 quiade
607 3995 675 4037 mec
693 3970 853 4060 accipiet.
870 3997 887 4033 n
912 3971 1008 4058 Ergo
1033 3969 1168 4036 fatente
1187 3967 1367 4056 Langenio

182 4095 298 4165 penes
322 4075 486 4144 Ioannem
511 4077 667 4146 dicitur:
696 4076 885 4166 uSpiritus
910 4073 1061 4144 Sanctus
1086 4074 1213 4162 accipit
1238 4073 1278 4142 de
1293 4075 1369 4141 eob-

183 4185 331 4249 etcntia
346 4184 449 4252 Filii.
468 4210 483 4247 o
510 4184 584 4252 Iam
602 4206 686 4253 vero
703 4190 778 4252 tum
794 4206 836 4251 ex
853 4184 930 4273 ipsa
947 4180 1174 4270 simplicitate
1189 4181 1268 4268 Dei,
1294 4187 1368 4250 tum

185 4313 236 4360 ex
260 4290 410 4380 prolixis
433 4292 580 4362 Petrum
605 4290 909 4382 disputationibus
938 4291 1108 4361 adversus
1130 4289 1303 4373 Arianos,
1333 4291 1370 4354 et

191 4397 360 4490 deinceps
382 4399 806 4473 adversuetNestorianos
830 4404 980 4486 constat,
1006 4397 1044 4468 in
1067 4391 1268 4469 huiusmodi
1291 4417 1369 4465 con·
1401 4450 1404 4463 .
