3120 4988
662 217 839 340 -aae-

629 493 630 497 ’
668 494 821 566 ΟΑΡΠΤ
845 494 895 565 II.

287 729 341 776 *DE
364 730 582 780 CORRUP'IEBIS
607 735 775 798 TEXTUUM,
802 738 882 787 QUAS
905 737 1060 783 snorum
1084 735 1255 807 eunomus·

599 842 774 890 THEOLOGIS
798 843 942 891 narnus.

140 1119 143 1126 ¹
257 1037 506 1124 Progredimur
521 1038 564 1107 ad
588 1039 734 1107 alteram
758 1040 799 1108 de
824 1039 1034 1130 corruptelis
1056 1045 1220 1108 textuum
1245 1045 1284 1107 et
1303 1039 1363 1108 ade

192 1144 377 1213 fraudibus
400 1147 606 1215 Latinorum
621 1175 638 1209 n
663 1148 895 1232 calumniam,
921 1149 1022 1217 euius
1057 1148 1135 1215 fons
1159 1148 1258 1215 sicut
1282 1145 1362 1214 olim
1429 1152 1432 1160 '

195 1260 373 1340 apostatas
397 1254 599 1342 Theophani
622 1255 887 1345 Prokopowicz,
906 1255 958 1324 ita
983 1279 1074 1323 nuuc
1097 1254 1256 1322 Macerio
1287 1259 1362 1322 erat

195 1360 349 1448 insignis
369 1361 432 1428 ille
449 1366 626 1430 veterator
638 1362 796 1430 Adamus
812 1363 1087 1432 Zoernikawius.
1105 1360 1223 1430 Pauca
1239 1384 1283 1429 ex
1300 1381 1360 1428 suo

195 1469 335 1558 iugenio
358 1469 474 1538 invita
495 1471 677 1539 admodum
700 1470 860 1540 Minerva
882 1472 1021 1541 addidit
1043 1471 1222 1541 Macarius
1238 1472 1325 1561 ipse.

264 1577 298 1644 1⁰
320 1578 397 1647 Non
421 1582 582 1668 poteraut
605 1579 772 1648 Photiani
795 1582 970 1668 ignorare,
986 1581 1029 1648 ad
1054 1581 1247 1648 doctrinam
1273 1577 1360 1671 quod

197 1693 345 1776 spectat,
371 1687 479 1776 ipsam
504 1688 651 1777 primam
675 1688 843 1776 originem
868 1710 951 1757 suae
974 1697 1087 1757 sectae
1111 1683 1272 1776 maguam
1295 1685 1360 1754 sal-

197 1800 266 1862 tam
290 1799 423 1884 partem
454 1796 571 1864 deberi
600 1796 805 1885 imposturis
828 1803 864 1864 et
894 1796 1102 1886 corruptelis
1125 1794 1269 1880 Photii,
1301 1794 1360 1886 qui

197 1900 337 1990 publica
358 1902 576 1987 documenta,
601 1903 744 1972 litteras
766 1903 976 1971 Pontificum
999 1927 1028 1972 s.
1046 1901 1232 1972 Nicolai'I.
1251 1908 1288 1969 et
1310 1900 1363 1968 Io-

197 2008 300 2075 annis
322 2007 424 2078 VIII.
451 2011 659 2100 corrupisse,
678 2019 757 2080 acta
778 2011 1010 2081 Consiliorum
1035 2033 1096 2100 pro
1113 2034 1150 2078 re
1167 2031 1232 2078 sua
1255 2010 1360 2077 inter-

196 2116 332 2204 polasse
356 2117 413 2185 vel
436 2112 572 2185 omniuo
595 2118 815 2202 confinxisse,
841 2118 886 2187 ad
908 2118 1121 2188 evidentiam
1150 2139 1261 2208 usque
1285 2138 1362 2184 cou-

197 2228 313 2294 vietus
335 2233 409 2312 est,
436 2234 478 2296 ut
507 2229 669 2318 superius
698 2229 1012 2298 demonstravimus
1026 2229 1087 2317 (1).
1114 2228 1250 2296 Graeca
1277 2226 1362 2293 haec

197 2334 282 2402 fides
305 2354 326 2401 a
347 2335 459 2424 primo
483 2336 682 2406 schismatis
707 2346 848 2405 auctore
863 2337 964 2406 velut
979 2335 1194 2404 hereditario
1210 2335 1362 2403 iureseu

197 2443 314 2531 potius
346 2442 445 2511 velut
476 2445 648 2533 originale
677 2454 854 2534 peecatum
885 2442 1033 2513 transiit
1059 2443 1103 2510 ad
1129 2432 1359 2532 posterost2).

197 2551 285 2622 Nam
307 2552 385 2619 loca
404 2553 541 2620 diserta
563 2552 703 2637 Basilii,
727 2552 891 2642 Gregorii
914 2553 1079 2642 Nysseni,
1104 2549 1302 2641 Epiphanii
1323 2549 1362 2618 de

197 2661 414 2750 processione
439 2661 596 2751 Spiritus
619 2662 742 2730 Sancti
767 2686 809 2730 eor
830 2661 927 2731 Filio
951 2668 1029 2751 post
1060 2659 1211 2728 schisma
1238 2655 1363 2730 confla·

196 2779 270 2839 tum
293 2791 315 2838 a
337 2770 483 2839 Graecis
506 2769 694 2839 obliterata
718 2770 840 2855 fnisse,
858 2758 1062 2860 patriarcha
1076 2760 1222 2850 Beccus,
1239 2766 1363 2836 Bessa·

196 2879 286 2963 rien‚
311 2877 479 2968 Iosephus
500 2877 749 2961 Methoueusis,
769 2877 1019 2946 Constantinus
1041 2875 1264 2945 Meliteniota
1287 2875 1361 2944 alii-

107 3014 109 3019 ’
197 3011 263 3080 que
285 3009 327 3056 ex
353 2987 441 3077 ipsis
464 2989 640 3056 codicibus
664 2988 776 3055 erasis
797 2990 1040 3077 patefecerunt
1063 2988 1124 3074 (ef.
1145 2983 1296 3053 Graecia
1311 3006 1363 3053 or·

197 3095 351 3164 thodora
373 3095 416 3163 Τ.
435 3095 465 3162 I.
485 3119 518 3186 p.
538 3095 613 3164 134.
640 3096 721 3166 366.
747 3119 823 3188 sqq.
841 3098 883 3165 Τ.
909 3093 1177 3185 lupentio.
1197 3091 1361 3161 aus-854.

197 3203 276 3291 8643
301 3201 476 3272 Harduin.
490 3203 593 3274 Cone.
609 3203 675 3272 IX.
692 3228 727 3294 p.
743 3205 829 3292 567;
855 3205 936 3274 vide
959 3203 1066 3294 plura
1089 3199 1181 3291 apud
1205 3200 1363 3291 Hergeu·

264 3414 308 3489 (1)
326 3419 502 3473 S.1tioola=s
520 3420 544 3473 1.
557 3435 604 3489 ep.
625 3420 651 3473 9.
667 3419 703 3473 ad
720 3419 887 3474 Michaslem
906 3423 1106 3486 imperatorem
1131 3420 1306 3485 conquestus
1330 3415 1362 3469 de

197 3508 401 3576 depravatione
420 3509 607 3577 missotmmn
626 3525 748 3576 auarum,
763 3510 879 3564 Graecis
897 3509 1058 3563 familiares
1076 3511 1120 3562 ait
1135 3521 1201 3561 esse
1219 3505 1361 3561 uas-trem

197 3595 256 3650 des:
273 3597 375 3665 «apud
394 3595 523 3668 Graecos,
539 3601 624 3654 sicuti
643 3600 782 3652 nonnulla
800 3599 910 3653 diversi
929 3601 1064 3666 temporis
1078 3600 1186 3666 scripta
1203 3601 1355 3663 testantur,

194 3688 349 3744 familiaris
364 3696 409 3745 est
419 3694 477 3745 ista
496 3695 642 3746 temeritas
658 3713 671 3739 n
686 3690 792 3763 (liausi
807 3692 868 3745 XV.
883 3708 910 3758 p.
926 3688 1012 3759 224.).
1027 3690 1086 3742 Iam
1100 3689 1209 3756 pridem
1223 3686 1258 3740 de
1279 3702 1356 3753 grae·

196 3784 238 3837 eia
256 3785 422 3851 imposturis
440 3788 589 3840 monuerat
609 3799 631 3837 s.
647 3783 797 3851 Gregorius
815 3783 854 3835 M.
872 3801 886 3834 e.
905 3781 1026 3834 Romani
1043 3785 1136 3833 autem
1149 3778 1259 3851 codices
1271 3779 1357 3832 multo

195 3885 321 3939 rariores
340 3885 407 3935 suut
426 3872 509 3944 quam
527 3875 631 3949 graeei,
648 3875 715 3943 quia
742 3877 842 3927 vestra
859 3867 1053 3944 (craecorum)
1066 3887 1122 3924 non
1154 3870 1294 3938 acumina,
1319 3868 1358 3920 ita

198 3990 249 4027 nec
266 3973 438 4040 imposturas
457 3969 593 4021 habemus
608 3986 621 4015 n
637 3954 658 4018 l.
671 3965 721 4018 VI.
733 3963 784 4037 (al.
800 3960 849 4031 V.)
863 3977 908 4028 ep.
925 3961 969 4017 14,
987 3961 1022 4014 ad
1042 3962 1157 4014 Narset.
1180 3961 1286 4014 Patrit
1312 3963 1358 4012 Ex·

198 4065 290 4133 ampla
308 4065 391 4131 plura
409 4061 498 4114 citata
521 4059 589 4113 vids
617 4057 649 4108 in
677 4055 760 4110 Oeno.
784 4056 913 4108 Floreat.
943 4069 1014 4108 sesa.
1046 4054 1110 4106 XX.
1133 4049 1228 4107 Marsi
1258 4049 1356 4105 xxxi.

198 4155 364 4224 prQ

269 4241 312 4318 (2)
330 4246 511 4297 Monumeuta
529 4243 643 4310 aliquot
661 4237 792 4306 stupidae
810 4238 982 4303 imposturae
1001 4233 1200 4287 Graeculorum
1218 4235 1249 4285 et
1261 4232 1432 4286 Mosco·—

201 4340 325 4393 viiarum
344 4335 431 4389 habes
451 4334 596 4402 descripta
613 4333 645 4384 in
664 4329 794 4385 Historia
812 4326 909 4383 Photii
937 4326 974 4379 cl.
994 4325 1225 4390 Hergsuroether
1249 4324 1281 4378 Τ.
1308 4319 1368 4377 111.

204 4439 226 4491 1.
239 4433 275 4486 X·
290 4434 314 4501 s.
331 4433 373 4490 10.
388 4446 419 4498 p.
431 4427 493 4483 843·
511 4442 555 4495 sq.
