3120 4988
742 249 780 295 ¹-
802 249 861 312 258
881 268 952 296 -·

250 359 344 443 Quid
369 359 417 426 sit
439 357 643 426 huiusmodi
670 336 903 425 utrensitusn
930 379 1029 425 nemo
1050 358 1252 428 mortalium
1276 364 1340 427 aut
1362 357 1417 426 im-

250 467 451 534 mortalium
469 474 582 534 mente
599 466 792 555 concipiat;
818 471 913 534 certe
937 467 1030 554 apud
1052 466 1191 535 nullum
1214 492 1263 536 ss.
1281 468 1422 535 Petrum

250 576 326 644 eius
350 575 426 642 ulla
442 582 495 642 est
519 574 659 657 mentio,
686 572 757 639 nisi
782 572 873 663 quod
890 573 1119 661 Augustinus
1142 574 1258 642 simile
1284 576 1424 663 figmen-

251 689 324 751 tum
343 684 500 773 explodit
516 690 556 749 ut
571 682 796 748 manifestum
812 703 977 750 errorem.
1000 683 1185 771 «Spiritus
1202 690 1320 752 autem
1343 685 1426 752 San·

252 803 331 863 etue
354 816 421 858 noa
445 791 484 856 de
500 793 608 859 Putre
626 788 784 876 precedit
808 791 847 854 ia
863 790 1009 870 Filium,
1037 791 1068 854 et
1093 789 1133 857 de
1153 792 1250 860 Filio
1272 793 1430 880 procedit
1512 806 1540 852 ⁸.

253 901 299 968 ad
317 897 603 987 sanctificandum
620 911 834 979 creaturam
857 898 916 965 sed
942 897 1047 964 simul
1073 898 1114 966 de
1139 907 1288 990 utroque
1313 921 1430 989 proce·
1500 938 1546 952 -

253 1010 318 1092 dit,
346 1006 508 1099 quamvis
528 1006 592 1072 hoc
607 1004 702 1072 Filio
726 1006 833 1073 Pater
850 1006 999 1092 dederit,
1027 1011 1068 1073 ut
1085 1007 1373 1098 quemadmodum
1391 1008 1430 1076 de
1496 1031 1548 1077 ε

252 1140 301 1203 se,
318 1117 373 1184 ita
389 1116 429 1183 de
446 1114 510 1182 illo
526 1137 663 1205 quoque
680 1114 876 1204 procedatur
904 1114 1000 1204 Aug.
1017 1114 1053 1181 in
1075 1114 1125 1181 Io.
1143 1122 1249 1182 tract.
1265 1114 1323 1181 99.
1340 1138 1375 1183 n.
1390 1115 1427 1202 95
1506 1139 1546 1204 ς

253 1233 365 1296 contr.
385 1246 532 1292 sermon.
551 1223 678 1290 Arian.
701 1247 736 1290 n.
757 1223 812 1290 19.
846 1224 886 1292 Si
908 1223 1026 1292 Filius
1050 1248 1118 1292 non
1141 1232 1196 1294 est
1219 1249 1329 1294 unum
1354 1250 1430 1294 cum
1491 1252 1547 1294 ,ιι

251 1334 358 1400 Patre
382 1331 619 1421 principium,
650 1353 735 1415 seu,
765 1338 807 1399 ut
830 1332 958 1400 Graeci
983 1333 1198 1424 loquuntur,
1229 1355 1302 1401 una
1327 1353 1430 1401 causa
1482 1355 1547 1400 ,ι

252 1437 474 1529 procedentis
490 1438 618 1504 tertiae
635 1459 813 1526 personae,
840 1439 951 1505 omnis
968 1439 1040 1506 alia
1061 1438 1355 1529 «participatior
1373 1438 1430 1506 ui·
1479 1473 1546 1487 —

252 1547 295 1614 lii
318 1547 354 1614 in
378 1546 596 1634 processione
621 1545 831 1613 immanente
855 1545 988 1614 dividit
1011 1568 1189 1635 personas,
1208 1546 1431 1638 hocqueipso
1471 1565 1545 1611 <t

253 1656 379 1743 dogma
404 1652 788 1721 consubstantialitatis
813 1653 999 1742 pervertit.
1029 1653 1234 1722 Cuiusmodi
1258 1654 1431 1723 haeresim
1461 1677 1544 1720 ι]

254 1762 423 1831 Patribus
448 1761 647 1828 adscribere
671 1761 707 1827 in
725 1761 770 1827 iis
787 1760 999 1849 ipsis'lcois,
1026 1761 1207 1854 inquibus
1233 1763 1275 1831 de
1299 1785 1432 1853 proces·
1450 1799 1544 1813 -·

256 1874 351 1942 sione
384 1870 541 1962 Spiritus
565 1869 689 1938 Sancti
717 1895 738 1935 a
763 1869 871 1935 Patre
898 1891 960 1957 per
983 1870 1118 1935 Filium
1149 1871 1358 1962 plerumque
1389 1869 1541 1940 cufi

256 1982 366 2072 ipsam
384 1979 787 2055 consubstantialitatem
805 1983 928 2046 eontra
944 1977 1097 2046 Arianos
1114 1977 1368 2047 defendendam
1385 1979 1432 2046 lo·
1446 2013 1538 2028 -

259 2094 429 2182 quuntur,
456 2088 612 2177 profecto
635 2086 824 2154 absurdum
849 2091 915 2154 est.

320 2195 524 2264 Particulae
538 2219 578 2261 err
591 2203 626 2263 et
638 2218 701 2284 per
714 2196 756 2262 ad
771 2194 1117 2287 distinctasdivinas
1133 2217 1304 2284 personas
1318 2201 1528 2264 trans-

256 2303 351 2370 latae
365 2302 401 2369 in
419 2301 617 2391 Scripturis
632 2307 808 2391 prostant,
824 2301 1021 2394 habentque
1037 2301 1305 2370 determinatam
1324 2303 1522 2392 signi-

184 2444 191 2457 ·
257 2410 454 2478 ficationem
472 2409 658 2494 causalem,
678 2410 729 2476 ita
746 2416 787 2478 ut
803 2409 924 2478 unitas
941 2410 1079 2501 quidem
1097 2411 1296 2479 retineatur
1312 2434 1513 2480 secun-

259 2521 339 2589 dum
356 2521 527 2587 rationem
545 2542 671 2588 causae
696 2519 731 2584 in
748 2518 919 2607 personis,
946 2540 987 2584 ee
1003 2542 1073 2609 pua
1098 2525 1133 2586 et
1152 2541 1215 2606 per
1232 2543 1338 2609 quam
1355 2541 1487 2609 pro-⁷

258 2629 399 2699 ducitur
417 2629 602 2712 terminus,
628 2627 735 2694 simul
757 2649 838 2695 vero
862 2625 1082 2715 exprimatur
1099 2647 1139 2694 ea
1155 2626 1343 2695 distinctio
1361 2647 1482 2717 per-

260 2851 308 2919 qui
327 2865 433 2916 negare
452 2851 699 2918 praesumpserint
717 2848 860 2916 Spiritum
879 2848 1013 2901 Sanctum
1036 2863 1070 2900 ex
1089 2850 1175 2901 Patre
1195 2851 1225 2902 et
1243 2848 1321 2901 Filio
1342 2864 1461 2916 procer

257 2941 342 3006 dere;
372 2942 434 2993 sive
458 2941 544 2992 etiam
565 2941 716 2992 temerario
737 2954 806 2992 ausu
830 2953 975 3005 asserere,
1005 2937 1077 3005 quod
1104 2937 1232 3005 Spiritus
1251 2939 1377 2993 Sanctus
1404 2953 1446 2992 ex

257 3034 344 3085 Patre
363 3035 393 3082 et
412 3031 488 3083 Filio
509 3034 652 3096 tamquam
673 3046 707 3083 ex
728 3029 835 3082 duobus
855 3029 1017 3096 principiis,
1040 3032 1068 3080 et
1088 3044 1144 3080 non
1164 3032 1308 3096 tamquam
1328 3045 1364 3083 ex
1384 3047 1445 3084 uno

257 3122 401 3190 procedat.
418 3142 429 3168 n
452 3119 534 3173 Cone.
551 3121 680 3173 Floreat.
696 3123 725 3172 et
739 3119 870 3184 Lugdun.
886 3119 926 3172 II.
947 3115 1048 3189 (Hard.
1070 3119 1120 3169 IX.
1141 3135 1170 3184 p.
1186 3119 1257 3185 4223
1279 3121 1347 3174 VII.
1363 3117 1444 3188 706.)

258 3214 380 3279 Insuper
395 3211 419 3263 si
435 3210 591 3263 concilium
613 3214 642 3262 ct
661 3209 781 3277 proinde
796 3209 954 3275 Scriptura,
977 3208 1055 3260 cuius
1070 3209 1158 3261 verba
1174 3212 1242 3260 sunt
1258 3206 1367 3278 eadem,
1389 3225 1443 3277 per

261 3305 313 3356 hoc
325 3302 456 3367 incisum,
479 3301 528 3367 qua·
543 3319 560 3352 a
573 3301 660 3352 Patre
668 3300 808 3367 procedit,
830 3298 941 3351 indicat
954 3299 1040 3351 aliam
1053 3299 1222 3351 relationem
1235 3300 1335 3352 Patris
1355 3317 1437 3368 quam

257 3393 347 3459 Filii3
369 3393 455 3445 etiam
475 3390 535 3443 alia
554 3395 584 3442 et
603 3392 662 3443 alia
681 3389 874 3454 intelligenda
893 3391 951 3441 erit
970 3387 1165 3441 indistinctis
1184 3391 1320 3455 personis
1340 3407 1437 3458 opera·

258 3483 315 3549 tio,
337 3481 449 3549 quoties
468 3482 638 3533 enuntiatur
657 3480 726 3532 fides
747 3479 776 3530 in
792 3482 906 3531 Patrem
926 3479 1164 3544 omnipotentem,
1185 3482 1343 3533 creatorem
1363 3481 1434 3535 coeli

260 3575 289 3624 ct
309 3575 411 3636 terrae,
433 3574 462 3623 et
476 3572 636 3635 generatim
656 3571 768 3637 quoties
785 3569 897 3635 aliquid
911 3570 1079 3621 enuntiatur
1093 3568 1127 3620 de
1142 3568 1237 3635 Patre,
1259 3571 1331 3636 quin
1347 3571 1436 3638 expli·

260 3661 317 3714 cite
341 3661 428 3712 simul
455 3661 639 3711 nominentur
667 3675 803 3726 personae
823 3659 908 3711 aliae.
936 3660 1037 3719 Verum
1056 3661 1101 3710 est
1120 3659 1234 3713 omnino
1254 3660 1432 3727 oppositum:

259 3749 323 3802 ideo
342 3766 442 3815 nempe
462 3750 604 3816 processio
624 3765 641 3801 a
660 3751 745 3801 Patre
767 3748 893 3801 includit
912 3748 1118 3815 processionem
1140 3765 1156 3801 a
1174 3749 1269 3816 Filio,
1296 3754 1327 3802 et
1346 3751 1434 3803 omnis

260 3840 388 3906 operatio
403 3838 500 3891 Patris
520 3841 713 3905 operationem
732 3839 803 3890 Filii
825 3841 853 3890 et
872 3829 999 3903 Spiritus
1012 3838 1121 3904 Sancti,
1144 3838 1211 3904 quia
1225 3842 1285 3891 tres
1300 3855 1433 3906 personae

260 3930 376 3984 divinae
395 3948 481 3983 enum
496 3935 561 3984 sunt
580 3932 766 3997 iconomus,
788 3931 837 3983 ubi
857 3946 913 3982 non
927 3931 1027 3982 obviat
1041 3931 1193 3982 relationis
1210 3931 1366 3999 oppositio,
1388 3934 1435 3986 hoe

259 4028 320 4087 est,
336 4023 402 4088 quia
414 4038 552 4087 personae
565 4038 621 4074 non
636 4022 695 4073 nisi
709 4020 901 4074 relationibus
921 4021 1044 4085 originis
1059 4021 1143 4073 unius
1159 4022 1195 4073 ab
1209 4021 1303 4074 altera
1317 4023 1396 4075 iuter
1409 4037 1435 4075 ee

259 4112 380 4164 realiter
393 4112 623 4177 distinguuntur.
643 4115 698 4164 Per
712 4112 880 4178 explicitam
899 4125 964 4175 crgo
984 4111 1189 4177 professionem
1210 4113 1403 4177 processionis
1421 4129 1435 4162 a

259 4203 359 4267 Patre,
382 4220 438 4256 non
459 4205 518 4256 alia
538 4205 568 4254 et
587 4204 646 4255 alia
665 4202 769 4255 relatio
788 4202 886 4254 Patris
906 4205 935 4252 et
952 4201 1041 4267 Filii,
1065 4200 1113 4253 sed
1133 4203 1295 4255 necessario
1315 4218 1373 4255 uua
1391 4217 1434 4254 ex·

259 4293 410 4359 primitur,
436 4308 492 4344 non
514 4307 593 4344 secus
613 4309 645 4345 ac
663 4307 718 4345 una
737 4292 825 4344 trium
844 4305 1028 4359 personarum
1049 4290 1142 4344 deitas
1162 4292 1349 4360 exprimitur,
1372 4293 1433 4345 dum

259 4383 346 4436 Pater
364 4384 440 4436 Deus
460 4381 650 4449 praedicatur.
