3120 4988
720 335 758 350 -
782 299 839 365 189
860 334 896 350 -

216 408 258 476 in
282 404 455 475 sacrificio
477 404 604 476 Missae
625 427 694 475 non
714 406 947 476 adhibendum
972 409 1008 475 et
1030 407 1074 476 ad
1096 406 1228 476 trinam
1251 406 1387 475 immer-

215 513 348 581 sionem
372 513 409 580 in
444 515 633 600 baptismo,
660 514 854 606 dequibus
882 515 920 583 in
950 515 1065 583 altera
1087 524 1188 606 parte
1218 512 1388 605 epistolae

215 625 352 712 agitur.
377 623 466 693 Mihi
483 629 599 691 tamen
619 624 661 691 ob
677 622 835 690 intimam
859 645 938 691 cum
955 622 1243 691 antecedentibus
1267 642 1387 690 conne-

215 732 353 799 xionem
376 729 461 799 haec
477 751 613 822 quoque
629 736 750 800 contra
771 729 1050 820 Adoptianornm
1067 730 1389 819 argumentationes

216 839 410 907 dictasses
433 838 614 908 videntur.
640 837 702 906 Illi
727 839 819 907 enim
842 838 913 905 iam
937 838 973 905 in
997 860 1063 907 sue
1085 837 1234 927 epistola
1257 836 1302 905 ad
1325 838 1390 907 Ca·

217 946 332 1014 rolum
354 949 403 1013 M.
421 970 455 1013 n.
476 945 531 1016 ll.
556 945 689 1035 scripta
720 951 800 1014 ante
829 946 1023 1014 Concilium
1054 944 1389 1013 Francofurthiense

220 1053 353 1141 (Migne
378 1053 419 1120 Τ.
439 1052 564 1122 XCVI.
586 1075 621 1140 p.
640 1052 736 1136 874.)
759 1060 794 1119 et
818 1059 936 1140 posteo
967 1052 1004 1118 in
1018 1052 1178 1141 epistola
1201 1051 1245 1119 ad
1268 1050 1390 1118 Alcui-

219 1183 303 1228 num
327 1184 360 1228 n.
380 1161 413 1227 8.
439 1162 501 1248 (ib.
522 1161 563 1228 T.
581 1160 638 1228 cI.
658 1184 690 1249 p.
711 1159 829 1247 1324.)
853 1159 1119 1250 appellaverant
1141 1182 1204 1249 pro
1228 1179 1293 1228 sua
1309 1157 1390 1226 hae·

220 1269 290 1335 resi
306 1269 350 1336 ad
369 1269 603 1337 «testimonia
618 1273 817 1337 sanctorum
831 1269 978 1336 Petrum
996 1268 1250 1337 venerabilium
1267 1266 1389 1335 Toleto

220 1376 492 1445 deservientium
516 1379 554 1443 iu
578 1377 764 1444 Missurum
787 1377 938 1443 oraculis
960 1377 1103 1462 editas
1129 1378 1172 1447 ad
1190 1377 1390 1447 testimonia

220 1484 358 1553 scilicet
388 1485 558 1575 liturgiae
594 1485 842 1554 mozarabieae.
880 1486 1003 1554 Patres
1036 1485 1390 1557 Franeofurthienses

220 1615 298 1662 cum
313 1599 512 1662 contextum
525 1595 639 1684 ipsum
656 1594 804 1662 istorum
820 1593 1101 1663 testimoniorum
1117 1597 1316 1665 examinare
1329 1602 1393 1663 ant

218 1700 353 1768 nollent
374 1707 440 1768 aut
455 1702 654 1792 nequirent,
680 1703 862 1791 supposito
886 1723 989 1771 sensu
1006 1724 1108 1792 quem
1124 1703 1318 1793 Adoptiani
1334 1704 1390 1771 ob·

217 1808 432 1892 trudebant,
457 1809 494 1876 in
522 1809 674 1899 epistola
705 1809 875 1898 synodica
905 1807 950 1876 ad
972 1809 1164 1901 Episcopus
1197 1811 1390 1901 Hispaniae

218 1940 253 1984 n.
271 1918 304 1985 7.
331 1916 463 2006 (Migne
485 1917 543 1986 01.
563 1940 597 2007 p.
617 1916 720 2004 lece)
743 1938 834 1984 anno
858 1916 936 1985 794.
963 1938 1102 2008 precum
1125 1919 1326 1989 huiusmodi
1348 1917 1390 1987 li·'

218 2025 438 2113 torgicarum
474 2026 721 2096 anctoritatem
752 2027 939 2100 admittere
968 2029 1200 2113 recusabant,
1227 2028 1390 2120 quoniam

219 2131 302 2200 illae
324 2132 361 2199 in
385 2155 423 2199 eo
446 2132 610 2201 nimirum
636 2156 740 2203 sensu
771 2144 933 2229 acceptae
956 2144 1196 2231 repugnarent
1220 2137 1390 2226 liturgiae

218 2240 392 2310 Romanae
408 2241 469 2328 (1).
496 2241 767 2314 Alcuinnsvero
784 2252 904 2335 postea
927 2247 1021 2316 circa
1043 2238 1173 2315 aunum
1196 2245 1275 2316 800.
1294 2248 1386 2314 cont.

218 2347 383 2438 nisano.
401 2349 463 2416 ne.
482 2350 760 2438 11.n.7-9.(ib.
781 2375 814 2442 p.
833 2352 930 2438 aas.)
947 2338 1075 2444 parata
1087 2351 1289 2436 affirmavit,
1306 2352 1389 2421 «ιιι-

218 2454 334 2523 niores
357 2456 533 2546 quoslibet
548 2456 656 2525 huius
679 2479 790 2528 novae
812 2460 1038 2530 infidelitatis
1054 2460 1189 2530 catenis
1202 2460 1390 2550 colligatos

143 2615 154 2623 .
219 2563 261 2630 ad
284 2562 516 2652 perditionem
539 2564 596 2632 sui
620 2565 773 2654 ipsorum
790 2567 886 2637 dicte
903 2576 1103 2638 sanctorum
1119 2568 1316 2659 corrupisse
1332 2569 1390 2637 do·

218 2679 374 2755 aterum,
400 2677 437 2740 et
467 2694 608 2741 snorum
639 2675 788 2763 pessima
811 2677 1008 2766 pertinacia
1043 2677 1241 2748 maculasse
1267 2696 1388 2745 nomen

216 2786 446 2870 parentum»
472 2781 603 2870 partim
626 2783 781 2851 ostendit
803 2788 923 2852 textus
940 2785 1095 2875 prolatos
1110 2807 1177 2853 non
1195 2784 1238 2853 de
1252 2781 1389 2852 Christi

216 2889 273 2956 sed
298 2887 342 2955 de
365 2893 487 2955 nostra
515 2888 701 2979 adoptione
728 2890 1013 2979 interpretandos
1041 2914 1136 2976 esse,
1161 2898 1199 2962 et
1222 2891 1388 2983 quomodo

213 2996 350 3065 demum
375 3018 521 3088 cumque
543 2997 812 3086 intelligantur,
838 3001 890 3068 eis
913 3001 1036 3069 itidem
1059 3001 1153 3070 sicut
1176 3002 1311 3070 factum
1335 3005 1389 3068 est

212 3124 231 3173 a
255 3106 426 3175 Patribus
449 3105 847 3176 Francoiurthiensibus
862 3109 1024 3199 opposuit
1046 3109 1233 3199 liturgiam
1256 3131 1284 3177 s.
1304 3109 1389 3178 Gre-

206 3213 308 3302 gorii
333 3213 465 3302 Magni.

278 3322 355 3389 Has
378 3321 492 3409 igitur
518 3341 570 3388 aa
593 3322 794 3392 iunioribus
818 3330 1037 3412 corruptas»
1063 3330 1100 3393 et
1124 3322 1282 3415 «priscis
1305 3329 1389 3392 tem·

199 3429 358 3517 poribus
382 3427 563 3495 inauditas
586 3430 797 3497 traditiones
812 3456 828 3491 n
846 3452 936 3499 anno
949 3430 1026 3499 798.
1044 3433 1179 3500 monuit
1198 3460 1214 3495 a
1229 3432 1265 3499 in
1282 3431 1388 3500 eccle·

197 3534 371 3605 siasticis
401 3534 524 3603 officiis
549 3558 616 3603 nou
639 3558 715 3605 esse
745 3537 960 3628 diligendas;
981 3566 998 3602 n
1023 3544 1167 3631 totaque
1191 3538 1387 3608 intentione

193 3643 407 3713 cavendum
431 3665 529 3728 esse,
555 3667 598 3714 ne
620 3643 805 3736 Hispanioi
829 3646 960 3718 erroris
983 3668 1075 3716 nova
1099 3642 1262 3736 dogmata
1294 3671 1391 3736 sym-

283 3859 325 3934 (1)
340 3882 353 3910 a
369 3863 472 3917 Melius
492 3864 721 3921 ast'tastlmcnio
740 3865 793 3920 Dei
811 3867 911 3921 Patris
930 3865 1042 3920 credere
1061 3866 1097 3919 de
1114 3866 1192 3920 Filio
1218 3880 1279 3934 suo,
1306 3881 1391 3935 quam

193 3949 356 4007 Ildelonsi
369 3954 472 4019 vestri,
483 3955 533 4020 qni
547 3956 622 4009 talos
634 3956 716 4009 vobis
729 3955 886 4022 composuit
900 3970 997 4022 preces
1010 3956 1040 4007 in
1055 3956 1208 4009 Missurum
1227 3956 1388 4024 solemniis,

198 4046 317 4111 quales
336 4044 512 4098 universalis
532 4049 562 4097 et
580 4050 679 4098 sancta
698 4045 750 4098 Del
770 4060 826 4098 non
845 4044 933 4098 habet
950 4044 1155 4111 Ecclesia3nac
1179 4060 1231 4101 vos
1261 4046 1292 4098 in
1322 4046 1387 4098 illia

202 4134 351 4187 exaudiri
382 4136 524 4200 putamus.
547 4135 585 4188 lit
603 4137 629 4188 si
647 4135 810 4191 Ildelousns
830 4140 927 4189 vester
952 4136 983 4187 in
1012 4136 1191 4188 orationibus
1220 4137 1281 4189 suis
1308 4134 1390 4188 08ιί-

190 4227 288 4274 stum
308 4222 472 4287 adoptivam
491 4223 661 4291 nominavit,
685 4227 785 4276 noster
803 4238 870 4276 vero
894 4222 1045 4287 Gregorius
1075 4216 1210 4276 Pontifex
1239 4225 1383 4278 Romanae

200 4309 299 4364 Sedis
317 4314 348 4365 et
364 4312 542 4366 clarissimus
561 4316 622 4366 toto
635 4313 702 4366 orbe
717 4312 819 4366 doctor
842 4313 875 4365 in
893 4312 954 4366 suls
978 4311 1156 4366 orationibus
1185 4328 1295 4380 semper
1321 4327 1383 4365 eum

198 4402 397 4467 metuentium
415 4402 562 4457 nominare
582 4416 638 4457 non
658 4400 808 4456 dubitarit
827 4421 841 4452 a
860 4401 1300 4459 Pe.rranoornrtsronsos1.e.
