3120 4988
691 306 729 321 -
749 274 788 338 34
809 306 853 321 ...

190 377 332 469 propria
355 379 451 463 fecit,
470 399 579 471 neque
603 384 666 448 sua
689 386 768 450 tant
754 387 840 466 tum,
860 380 944 472 quia
967 380 1058 450 illud
1074 380 1220 471 pietatis
1244 405 1359 453 sacra·

192 492 344 554 mentum
358 488 478 556 totins
502 488 692 557 Trinitatis
729 496 783 557 est
805 510 875 557 nna
904 489 1087 560 voluntate
1110 512 1150 558 ac
1182 497 1359 615 potestate

191 596 382 686 perfectum
400 622 415 658 s
433 595 539 684 Fulg.
559 604 649 665 cont.
667 597 813 666 Fabiam.
832 598 959 685 fragm.
979 597 1034 665 29.

258 703 448 794 Utramque
463 703 632 772 rationem
648 704 841 792 Gregorius
864 728 1009 797 quoqne
1014 707 1164 796 Magnus
1186 711 1357 800 explicat,

194 768 427 880 commentans
450 811 515 878 illa
539 812 657 880 verba:
678 813 770 880 sicut
793 812 890 882 misit
913 836 965 881 me
981 816 1097 900 Pater,
1116 824 1152 884 et
1175 840 1239 907 ego
1255 821 1360 890 mitto

193 942 268 989 vos.
289 921 426 988 «Pater
449 919 582 988 Filium
605 922 726 1004 misit,
757 921 818 1011 qui
842 921 934 989 hunc
958 945 1020 1010 pro
1044 924 1278 1013 redemptione
1301 952 1362 1018 ge-

192 1028 288 1097 neris
303 1028 474 1096 humani
463 1029 641 1096 incarnari
658 1028 887 1097 constituit...
892 1029 1013 1111 .Quia
1028 1053 1111 1119 ergo
1126 1032 1244 1101 Filius
1268 1059 1362 1104 ama·

194 1143 254 1204 tur
278 1159 298 1203 a
323 1136 492 1221 Patre,et
513 1143 629 1204 tamen
654 1134 699 1202 od
717 1139 913 1225 passionem
937 1141 1104 1221 mittitar3
1121 1139 1172 1207 ita
1195 1147 1231 1208 et
1254 1143 1363 1213 disci·

193 1244 271 1336 puli
296 1251 456 1314 amantur
481 1267 501 1312 a
523 1246 679 1330 Domino,
699 1245 760 1336 qni
783 1251 899 1313 tamen
923 1245 967 1314 ad
991 1248 1184 1334 passionem
1215 1251 1364 1320 mittun·

194 1359 254 1422 tur
278 1353 315 1420 in
340 1354 560 1421 mundum...
580 1354 749 1436 Quamvis
766 1354 862 1418 mitti
885 1356 990 1419 etiarn
1006 1357 1109 1420 iurata
1131 1370 1293 1424 naturam
1310 1358 1366 1426 di-

194 1463 359 1528 vinitatis
376 1462 487 1552 possit
504 1461 674 1550 intelligi.
694 1461 749 1529 Eo
775 1463 863 1553 caim
880 1463 953 1551 ipso
971 1485 992 1526 o
1008 1462 1116 1529 Patre
1131 1465 1248 1532 Filius
1267 1469 1366 1533 mitti

196 1567 338 1653 dicitur,
357 1595 423 1663 quo
447 1595 469 1637 a
493 1571 600 1638 Patre
615 1583 811 1659 qenerutur.
829 1569 917 1638 Nam
942 1570 1108 1639 Sanctum
1126 1596 1261 1666 quoque
1286 1577 1366 1666 Spi-

196 1677 327 1762 ritum,
354 1678 414 1769 qui
439 1700 515 1746 cum
539 1678 588 1746 sit
611 1677 809 1769 coaequalis
840 1677 941 1746 Patri
965 1682 1001 1746 et
1023 1678 1129 1763 Filio,
1154 1703 1224 1748 non
1248 1687 1365 1753 tamen

196 1784 402 1853 incarnatus
414 1791 479 1870 est,
495 1785 585 1853 idem
598 1807 633 1854 se
645 1785 763 1853 Filius
776 1784 915 1854 mittere
926 1784 1087 1875 perhibet
1098 1786 1163 1874 (Io.
1178 1788 1363 1877 XV.26)...

196 1891 236 1962 Si
259 1891 350 1960 enim
372 1891 469 1961 mitti
493 1892 705 1960 solummodo
729 1891 908 1960 incarnari
932 1892 1072 1960 deberet
1088 1892 1259 1984 intelligi,
1279 1897 1364 1966 San·

199 2004 278 2069 ctus
301 1999 424 2090 procul
447 1999 551 2069 dubio
567 1999 724 2089 Spiritus
748 1999 960 2068 nullomodo
984 2000 1161 2070 diceretur
1177 2004 1284 2090 mitti,
1304 2007 1365 2098 qui

198 2131 414 2200 nequaqnam
449 2108 656 2176 incarnatus
680 2114 745 2176 est.
765 2105 830 2176 Sed
854 2110 925 2174 eius
948 2108 1065 2175 missio
1098 2111 1175 2197 ipso
1196 2115 1365 2199 processio

199 2229 260 2297 est,
278 2239 347 2306 qua
371 2215 539 2283 dePotre
564 2212 722 2304 procedit
746 2230 778 2281 et
801 2215 908 2282 Filio.
940 2214 1042 2284 Sicut
1065 2215 1184 2309 itaque
1209 2219 1366 2308 Spiritus

196 2324 293 2397 mitti
317 2324 449 2393 dicitur
482 2324 565 2415 quia
588 2323 757 2412 procedit,
777 2322 828 2390 ita
854 2330 890 2391 et
919 2322 1038 2392 Filius
1066 2348 1134 2392 nou
1169 2325 1361 2417 incongrue

199 2434 295 2498 mitti
326 2430 456 2499 dicitur
491 2433 577 2522 quio
609 2444 795 2522 generatur
823 2456 840 2493 n
886 2430 1034 2520 Gregor.
1071 2431 1118 2502 M.
1151 2433 1188 2502 in
1224 2435 1380 2526 Evang..

198 2540 290 2609 hom.
309 2540 364 2608 26.
383 2563 418 2609 n.
437 2540 469 2609 2.

264 2648 366 2717 Nunc
389 2647 453 2714 fiat
477 2645 647 2715 indicium
664 2646 704 2715 de
729 2645 932 2714 confusione
947 2644 1160 2732 Macariana,
1179 2672 1282 2740 qnam
1302 2650 1368 2718 ini·

199 2754 251 2834 tio
274 2754 381 2823 huius
405 2753 633 2822 discussionis
656 2753 839 2843 descripsi.
871 2752 942 2821 Neo
972 2752 1112 2839 Filius,
1138 2755 1279 2846 inquit,
1306 2779 1368 2827 nec

175 2861 356 2952 ⁴Spiritus
380 2862 532 2931 Sanctus
556 2863 652 2931 mitti
675 2868 794 2952 potest
817 2860 1006 2930 secundum
1031 2862 1266 2949 divinitatem,
1286 2865 1369 2956 quia

199 2993 267 3039 non
292 2979 407 3061 potest
430 2971 583 3040 transire
607 2973 648 3040 de
672 2972 746 3039 loco
771 2971 807 3039 in
831 2970 957 3039 locum.
1056 2959 1061 2966 ’

265 3082 301 3165 o)
317 3080 391 3148 Hoc
410 3087 639 3148 commentum
656 3086 750 3148 recte
774 3079 875 3148 ducit
894 3079 938 3147 ad
953 3078 1166 3150 Arianornm
1183 3080 1366 3164 haeresim,

201 3188 262 3279 qni
285 3188 402 3256 eadem
426 3186 492 3255 hac
517 3209 636 3255 crassa
659 3187 799 3254 notione
822 3185 999 3254 missionis
1023 3187 1252 3275 praestituta,
1282 3188 1370 3257 Filii

199 3302 235 3364 et
260 3294 418 3385 Spiritus
441 3293 565 3363 Sancti
588 3293 814 3363 divinitatem
838 3295 1016 3382 negabant
1038 3318 1079 3362 ex
1097 3297 1174 3385 ipsa
1196 3298 1368 3380 missione,

107 3464 109 3475 .
200 3402 292 3496 qnod
316 3425 357 3470 ea
379 3402 540 3471 includat
562 3401 753 3470 transitum
777 3404 819 3471 de
854 3402 929 3471 loco
952 3402 991 3470 in
1014 3402 1138 3471 locum.
1170 3402 1256 3470 Cum
1280 3406 1370 3472 enim

200 3511 239 3581 iu
263 3511 459 3600 Scripturis
484 3516 520 3579 et
543 3512 580 3579 in
605 3511 795 3581 traditione
819 3511 1002 3578 evidenter
1025 3511 1209 3594 doceatur,
1238 3511 1370 3579 Filium

201 3643 269 3688 non
294 3619 406 3687 solum
428 3628 608 3708 assumpta
632 3620 700 3687 iam
725 3618 944 3686 humanitate
970 3625 1128 3708 quaeest
1151 3617 1370 3688 circumscri-

201 3738 263 3820 pta
286 3729 361 3796 loco
385 3737 419 3796 et
442 3735 607 3817 tempore,
626 3727 739 3795 sedin
764 3747 834 3794 nna
859 3727 1045 3794 dumtaxat
1061 3726 1372 3814 naturapraeexi-

202 3840 350 3904 stentem
375 3858 395 3902 a
418 3838 524 3904 Patre
548 3835 693 3902 missum
727 3826 801 3902 esse
826 3834 869 3902 ad
895 3833 1136 3901 assumendam
1171 3830 1370 3901 humanita-

202 3949 283 4030 tem,
303 3942 504 4034 pariterque
520 3965 702 4033 personam
718 3943 860 4009 tertiam
874 3940 1079 4023 Trinitatis,
1098 3938 1270 4027 Spiritum
1285 3941 1370 4009 San·

204 4059 299 4120 ctum
323 4050 423 4118 cuius
447 4073 518 4118 una
535 4058 672 4119 tantum
695 4056 824 4117 natura
841 4053 906 4132 est,
924 4070 945 4112 a
968 4049 1072 4114 Patre
1090 4047 1183 4114 mitti
1206 4068 1247 4115 ac
1263 4048 1391 4136 Filiae

95 4189 99 4198 ¹
205 4157 432 4249 consequitur
454 4160 662 4243 necessario,
694 4157 864 4248 siquidem
889 4157 1008 4222 missio
1042 4154 1202 4222 includat
1225 4154 1372 4224 circum·

206 4266 430 4356 scriptionem
454 4273 490 4334 et
513 4266 702 4333 transitum
726 4264 770 4333 ad
793 4261 997 4347 locum,‘ubi
1020 4263 1147 4328 missus
1171 4267 1275 4328 antea
1304 4285 1372 4330 non

206 4382 296 4463 erat,
314 4385 389 4446 tum
412 4373 543 4442 Filium
556 4373 592 4441 in
617 4372 693 4462 ipsa
711 4394 774 4440 sua
789 4378 917 4439 natura
932 4369 1188 4459 praeexistente
1203 4376 1278 4442 tum
1296 4367 1371 4459 Spi·
1401 4432 1405 4445 ,
