3120 4988
335 392 337 397 .
555 366 597 382 -
615 331 677 397 lae
695 367 736 384 -

59 432 276 504 eontrarium
299 454 436 504 sensum
461 434 642 504 confictam
666 435 762 504 iniis
778 435 937 504 omuibus
953 435 1128 525 partibus,
1144 460 1232 532 quaa

58 542 170 632 ipsam
194 563 360 610 summam
385 543 437 611 rei
459 549 496 611 et
519 545 730 612 sententiam
753 543 936 612 Pontificio
961 546 1140 615 continent
1164 548 1227 636 (1).

127 650 169 718 In
192 634 352 740 epistolis
375 650 419 718 ad
442 650 671 741 imperatores
692 658 729 720 et
751 650 795 718 ad
820 649 1009 736 Photinm,
1036 663 1232 746 quaesunt

54 759 159 848 longe
182 759 407 849 praecipuae,
435 760 617 850 potissima
653 783 742 851 quae
765 762 929 830 Pontifex
953 764 1166 851 constituit,
1191 766 1231 835 in

57 872 160 936 textu
184 867 350 957 originali
372 870 524 958 genuino
547 871 600 937 ita
623 869 763 940 habent.
790 873 826 957 α)
842 872 950 940 Docet
966 871 1161 942 clarissime
1179 873 1230 942 di·

59 975 179 1044 vinam
202 977 371 1066 originem
395 978 699 1047 etauctoritatem
722 979 896 1068 primatus
916 980 1063 1048 Romani
1087 981 1233 1049 Pontifi-

59 1084 121 1151 ois.
152 1112 169 1146 a
183 1083 356 1151 Romanae
374 1083 474 1163 Sedis
499 1093 625 1153 cuncta
640 1085 819 1154 subiicitis
835 1087 1052 1172 auctoritati,
1070 1087 1114 1156 ad
1132 1088 1232 1157 ouius

59 1193 246 1274 auctorem,
266 1190 329 1258 hoc
345 1197 400 1259 est
423 1191 672 1281 Apostolorum
695 1193 847 1260 omnium
865 1194 1069 1282 prinoipem,
1084 1196 1232 1266 Domino

53 1300 223 1391 loquente
247 1306 465 1388 praeceptum
489 1305 555 1368 est:
581 1321 682 1389 pasce
707 1322 788 1368 oves
813 1322 917 1368 meas.
945 1302 1052 1382 Quam
1067 1325 1137 1370 caeo
1158 1327 1234 1371 vere

59 1409 211 1474 omnium
233 1408 468 1476 Baetasiorum
490 1409 556 1475 Dei
580 1422 696 1497 caput,
712 1415 749 1478 et
772 1409 951 1477 beatorum
968 1410 1111 1478 Patrum
1135 1433 1232 1501 prae·

59 1516 183 1604 oipuae
207 1514 352 1604 regulae
384 1519 419 1582 et
443 1512 713 1582 orthodoxorum
736 1512 936 1603 principum
961 1519 1097 1583 statuta
1121 1515 1233 1585 decla·

58 1627 154 1705 rant,
180 1605 216 1689 et
238 1621 386 1711 pietatis
409 1627 548 1690 vestrae
561 1621 841 1708 (imperatorum)
857 1623 1143 1692 reverendissimi
1159 1623 1235 1714 api-

59 1751 116 1798 ces
140 1734 358 1797 attestantur
386 1755 403 1791 n
430 1727 558 1816 (Marsi
588 1727 706 1796 XVII.
733 1751 767 1817 p.
788 1727 894 1815 lea).
920 1729 1071 1798 Photius
1100 1730 1137 1798 in
1170 1753 1234 1800 sna

59 1836 269 1927 paraphrasi
294 1837 379 1904 haee
395 1837 517 1904 omnia
540 1834 763 1919 transvertit,
783 1834 835 1902 ita
850 1840 892 1903 ut
915 1836 956 1905 de
972 1837 1128 1906 Romana
1144 1837 1232 1908 Sede

60 1943 126 2011 hoc
151 1967 258 2011 unum
291 1943 399 2011 dicat:
428 1942 623 2011 «Sanctam
655 1943 844 2011 Romanam
868 1941 1067 2018 Ecclesiam
1090 1967 1152 2034 per
1175 1966 1232 2013 ve·

60 2060 155 2121 stros
178 2050 423 2142 apocrisiarios
446 2056 482 2119 et
496 2073 560 2141 per
574 2049 718 2119 divinas
733 2056 871 2119 vestras
888 2049 1029 2119 litteras
1052 2053 1230 2141 adiistis;n

59 2158 199 2249 reliqua
223 2181 305 2228 vero
328 2159 462 2226 referat
485 2180 553 2225 non
576 2157 620 2225 ad
646 2157 766 2225 Sedem
790 2157 999 2243 Romanam,
1026 2160 1086 2227 sed
1112 2161 1155 2227 sd
1179 2183 1231 2249 so7

61 2266 134 2334 lum
154 2291 181 2334 s.
197 2267 352 2351 Petrum,
375 2288 504 2357 nquam
523 2271 627 2354 eaput
643 2267 795 2333 omnium
810 2264 1048 2335 Ecclesiarum
1062 2267 1233 2338 Dominus

62 2374 276 2444 constituit»
303 2373 403 2460 (ibid.
423 2397 457 2462 p.
477 2372 584 2460 aaa).

129 2484 163 2568 b)
186 2481 348 2551 Pontifex
372 2481 437 2564 ait,
463 2482 623 2570 precibus
646 2478 869 2570 imperatoris
892 2483 1083 2571 permotum
1101 2488 1136 2552 et
1152 2506 1232 2575 pro·

62 2599 139 2684 pter
162 2597 355 2682 temporum
379 2588 621 2659 necessitatem
638 2612 674 2657 se
697 2590 910 2657 inanimum
934 2589 1116 2659 induxisse
1140 2614 1232 2662 nunc

63 2706 139 2790 post
161 2701 294 2768 obitum
317 2698 539 2788 patriarchae
556 2697 692 2787 Ignatii
708 2697 832 2765 Photio
856 2698 941 2766 lieet
957 2699 1158 2788 usurpatori
1175 2722 1234 2769 ve·

63 2808 154 2874 niam
178 2807 275 2891 dare,
301 2828 447 2898 eumque
472 2829 532 2896 pro
555 2826 716 2896 suprema
739 2805 776 2873 in
794 2828 829 2880 s.
848 2805 952 2885 Petro
977 2805 1046 2874 sibi
1070 2827 1233 2875 concessa

63 2920 232 3004 potestate
256 2935 278 2981 a
300 2914 458 2982 censuris
484 2938 561 2984 cum
585 2915 660 2983 suis
683 2912 916 2983 sectatoribus
941 2912 1121 2984 absolvere
1142 2920 1179 2983 et
1195 2914 1232 2983 in

64 3024 175 3094 sedem
199 3022 613 3112 Constantinopolitatam
645 3021 842 3090 admittere.
872 3020 975 3090 «Nos
999 3021 1118 3114 itaque
1142 3045 1232 3092 sere·

64 3132 187 3201 ditatis
212 3140 351 3200 vestrae
375 3153 494 3219 preces
517 3151 672 3218 congrua
707 3127 844 3196 ratione
874 3129 1123 3215 admittentes,
1150 3131 1233 3222 quia

63 3236 242 3330 Ignatium
265 3239 342 3326 piae
366 3238 548 3306 memoriae
573 3234 810 3326 patriarcham
822 3237 864 3305 de
879 3237 1056 3326 praesenti
1070 3238 1146 3305 vita
1163 3238 1233 3306 iam

63 3349 233 3437 migrasse
250 3345 499 3437 cognoscimus,
520 3344 679 3432 temporie
695 3343 831 3408 ratione
841 3358 1032 3432 perspecta,
1052 3344 1115 3412 hoo
1133 3345 1231 3413 modo
1282 3351 1285 3359 '

58 3453 279 3527 decernimus
296 3452 342 3520 ad
357 3442 690 3541 contemperatae,
709 3452 799 3543 quod
817 3475 927 3542 nuper
943 3452 984 3520 de
1001 3453 1076 3543 ipso
1092 3454 1229 3541 Photio,

54 3555 146 3631 lieet
170 3562 245 3651 ipse
269 3560 394 3650 adaque
417 3558 574 3626 consultu
596 3557 694 3630 Sedis
710 3574 847 3626 nostrae
862 3559 1018 3648 officiam
1040 3561 1109 3627 site·
1125 3562 1231 3627 inter·

143 3839 188 3917 (1)
209 3841 289 3906 Quod
307 3841 434 3896 Mansius
452 3839 607 3907 aliquando
625 3839 806 3907 coniectavIt,
829 3840 963 3893 Ioannem
982 3839 1062 3895 VIII.
1082 3839 1234 3907 epistolam

48 3933 106 3987 ad
122 3935 309 3999 Imperatores
328 3948 398 4000 quae
417 3936 462 3985 est
480 3931 512 3985 ln
531 3931 592 3984 eins
612 3930 743 3996 regestis,
758 3935 942 3983 commutasse
968 3931 999 3983 iu
1026 3929 1122 3997 allam,
1138 3932 1171 3983 nt
1200 3946 1234 3986 ea

43 4038 73 4075 a
106 4025 203 4078 PlotIo
222 4025 344 4078 recitata
363 4027 407 4076 est
424 4024 455 4075 in
475 4022 670 4076 conciliabulo
689 4019 795 4091 (Marsi
814 4021 906 4074 XVII.
927 4037 955 4087 p.
970 4015 1048 4091 527),
1061 4018 1091 4071 id
1111 4020 1158 4073 vir
1185 4021 1232 4075 do·

34 4114 208 4168 otiieimns
226 4115 348 4182 ipsemet
366 4113 541 4180 postmodum
561 4113 734 4165 retractavit
752 4105 796 4185 (in
816 4110 891 4164 Nota
918 4109 954 4163 ad
982 4111 1049 4164 Nat.
1073 4110 1233 4165 Alexandri

32 4202 139 4258 Hist.
156 4206 264 4258 Eccles.
279 4219 333 4257 seo.
348 4204 400 4256 IX.
416 4204 533 4256 dissert.
547 4203 574 4254 4.
589 4199 683 4273 §.tlt
699 4206 728 4253 et
739 4201 774 4253 ab
786 4201 853 4254 allis
867 4200 1043 4255 confutatum
1058 4206 1102 4255 est
1116 4197 1230 4274 (Helela

31 4289 141 4346 Hiet.
154 4295 237 4348 conc.
252 4294 284 4346 Τ.
299 4294 348 4368 IV.
364 4309 392 4359 p.
404 4293 467 4360 438,
483 4291 713 4357 Hergenroether
727 4291 804 4344 Hist.
818 4290 916 4343 Photii
935 4292 966 4345 Τ.
981 4292 1020 4345 II.
1034 4308 1061 4358 p.
1074 4291 1137 4345 414.
1152 4287 1228 4362 415),

27 4391 150 4457 rfl‘lue
169 4397 238 4438 vera
256 4383 408 4436 absurdum
426 4398 487 4435 esse
506 4382 592 4436 facile
611 4381 768 4448 intelliget,
785 4381 917 4447 qnisquIs
940 4379 1065 4434 Indolem
1089 4381 1229 4436 achima-

26 4464 151 4528 ticam
168 4473 417 4528 commntatlonnm
435 4473 468 4526 iu
487 4471 658 4541 paraphrasi
676 4471 820 4526 Photiane
837 4470 1073 4526 considerarent.
