3120 4988
206 1868 292 1936 Cum
309 1869 346 1933 in
364 1868 534 1935 Tractatu
558 1870 598 1934 de
623 1866 687 1936 SS.
707 1867 883 1935 Trinitate
900 1866 1058 1935 Sectione
1077 1867 1134 1933 111
1157 1868 1307 1957 primum

139 1975 266 2065 scripsi
290 1976 331 2042 de
355 1973 510 2063 Spiritus
541 1974 663 2043 Sancti
697 1975 938 2064 processione,
975 1973 1125 2042 nondum
1150 1973 1308 2052 videram

46 2150 51 2156 .
138 2081 288 2152 Macarii
311 2082 507 2170 Bulgahow
531 2082 746 2150 schismatici
769 2082 877 2149 Russi
900 2081 1027 2149 librum
1052 2079 1114 2168 (1),
1133 2081 1169 2147 ἱιι
1194 2105 1261 2173 quo
1277 2082 1309 2150 is

138 2191 221 2258 fidei
244 2190 421 2258 revelatae
444 2190 634 2258 articulum
658 2191 699 2257 de
723 2191 939 2278 processione
964 2188 1121 2278 Spiritus
1145 2188 1308 2258 Sanctia

138 2299 234 2367 Filio
249 2300 535 2388 impugnandum,
551 2300 729 2388 ipsamque
742 2297 960 2385 negationem
976 2298 1076 2365 velut
1089 2295 1213 2386 dogma
1228 2299 1310 2367 fidei

138 2405 413 2498 persuadendam
437 2407 600 2494 suscepit.
627 2405 703 2474 Non
728 2425 819 2472 nova
850 2404 987 2494 quidem
1012 2405 1055 2470 ab
1090 2410 1232 2472 auctore
1256 2405 1310 2472 in·

138 2516 317 2585 ducuntur
341 2521 559 2602 argumenta,
586 2513 643 2581 sed
667 2513 840 2601 pristinae
863 2512 1100 2580 contorsiones
1123 2535 1250 2597 omnes,
1269 2519 1309 2581 ut

139 2623 221 2693 inde
245 2623 288 2689 ab
311 2621 445 2710 insigni
468 2621 529 2689 illo
545 2628 741 2690 veteratore
757 2619 883 2688 Photio
898 2620 935 2686 in
953 2619 1197 2689 schismaticae
1212 2621 1309 2690 theo-

139 2732 256 2820 logiae
278 2729 378 2798 velut
392 2729 579 2797 medullam
595 2729 825 2812 transierunt,
842 2734 1053 2818 repetuntur
1072 2736 1107 2796 et
1122 2728 1211 2798 satis
1227 2735 1309 2819 apte

140 2846 378 2923 exornantur,
405 2846 446 2907 ut
476 2837 697 2927 ignorantiae
731 2826 872 2905 snorum
895 2837 1114 2906 alumnorum
1137 2839 1305 2929 imponat,

138 2947 363 3037 hominesque
398 2945 527 3012 iamin
563 2945 698 3013 haeresi
723 2944 896 3012 enutritos
920 2943 957 3011 in
987 2943 1104 3013 eadem
1135 2945 1305 3015 obfirmet.

138 3055 310 3138 Quamvis
335 3054 477 3122 veroin
501 3052 576 3142 ipso
601 3053 772 3120 Tractatu
798 3058 918 3120 nostro
942 3052 1075 3121 abunde
1112 3052 1307 3123 declaratae

137 3163 225 3230 mihi
250 3161 438 3230 videantur
460 3161 627 3243 rationes,
646 3161 773 3252 quibus
798 3161 940 3229 fraudes
957 3160 1169 3249 detegantur
1184 3167 1220 3228 et
1234 3159 1307 3228 hla-
1384 3179 1387 3186 ·

136 3273 299 3342 carianae
322 3272 411 3338 istae
434 3271 544 3338 tricae
569 3270 801 3359 explicentur,
828 3269 1058 3338 nihilominus
1086 3291 1209 3360 operae
1230 3293 1308 3360 pre·

136 3382 228 3450 tium
251 3380 413 3448 futurum
436 3377 639 3445 existimavi
664 3376 826 3445 fallacias
850 3376 1000 3445 hominis
1028 3377 1213 3447 universas
1236 3377 1307 3444 sin-

135 3487 293 3579 gillatim
315 3485 511 3553 examinare
535 3491 570 3552 et
593 3484 755 3552 tenebras
780 3484 967 3566 discutere,
983 3508 1069 3575 quas
1089 3483 1215 3553 nebulo
1238 3483 1306 3550 iste

137 3594 288 3686 primum
304 3592 440 3682 quidem
454 3592 490 3658 in
503 3592 974 3680 testimoniaScripturarum
990 3598 1064 3660 tum
1078 3613 1159 3659 vero
1172 3592 1208 3658 in
1218 3591 1306 3659 Con-

137 3703 300 3774 ciliornm
323 3708 359 3769 et
381 3723 429 3769 ss.
448 3700 592 3768 Patrum
627 3707 699 3766 tam
723 3699 989 3768 occidentalium
1014 3720 1116 3790 quam
1151 3699 1306 3767 orienta-

208 3916 252 3992 (1)
270 3919 423 3984 recologie
441 3918 622 3986 dogmatiqne
641 3917 796 3971 orthodoxe
815 3933 867 3984 par
884 3918 1007 3971 Macaire
1027 3921 1149 3971 Docteur
1167 3935 1202 3971 en
1222 3918 1302 3972 thec-

136 4009 229 4075 logie,
254 4011 361 4074 evaque
381 4007 415 4060 de
442 4008 601 4073 Vinnitza,
626 4010 736 4059 recteur
765 4006 798 4057 de
827 4004 998 4058 l‘Academie
1027 4007 1241 4074 ecclesiastique
1270 4008 1304 4060 de

138 4099 437 4165 SaintPetershourg‚
464 4096 591 4169 traduite
611 4112 662 4164 par
686 4113 723 4147 un
742 4098 843 4150 Russe.
865 4098 948 4148 Paris
969 4095 1046 4149 1860.
1062 4099 1101 4149 De
1120 4100 1303 4151 Processione

137 4190 267 4256 Spiritus
286 4189 385 4242 Sancti
403 4192 556 4242 tractatum
576 4187 663 4240 hahet
686 4188 718 4240 Τ.
742 4189 767 4237 Ι.
790 4204 817 4252 p.
843 4185 977 4238 325-423.
1003 4187 1201 4241 Introduction
1231 4191 1248 4240 a
1275 4189 1305 4240 la

137 4280 292 4345 'l'heologie
313 4278 467 4333 orthodoxe
487 4279 520 4332 de
540 4279 661 4332 Macaira
675 4281 729 4330 etc.
742 4277 825 4329 Paris
840 4277 917 4329 1857.
932 4277 971 4328 De
985 4277 1163 4342 processione
1178 4277 1303 4344 Spiritus

137 4368 248 4421 Sancti.
264 4384 293 4434 p.
308 4367 442 4420 574-590.
456 4366 499 4420 Ab
517 4367 668 4421 Academia
688 4367 871 4418 scientiarum
890 4366 1111 4432 Petropolitana
1131 4381 1200 4435 opus
1216 4364 1303 4418 aesti-

138 4461 243 4512 matum
262 4460 307 4512 cst
325 4456 443 4522 dignum
461 4457 586 4524 praemio
604 4456 739 4522 aprinae
758 4455 860 4509 classis
878 4474 902 4505 n.
962 4447 966 4453 ’
