3158 4980
675 327 713 346 -
737 297 752 359 Ι
775 297 794 359 7
815 330 853 345 .-

210 420 267 464 oea
279 399 487 486 producitur,
505 426 527 468 o
538 297 799 490 proferentihlhs
822 426 888 471 non
913 404 1073 494 praeitur
1088 431 1105 467 o
1123 404 1170 473 ib.
1190 405 1216 474 l.
1234 405 1349 475 XXX.

209 507 534 577 olivitatibus
561 510 642 580 l.·I.
674 537 707 581 n.
727 511 785 578 30.
812 523 847 581 et
881 512 993 580 locum
1031 512 1352 602 splendidissimum

210 635 286 700 quem
300 614 381 682 alibi
396 618 584 686 citavimus
596 618 621 688 l.
636 619 685 688 H.
701 621 737 688 in
748 620 922 710 Evangel.
941 619 1031 688 hom.
1049 621 1184 691 XXVI.
1203 646 1237 690 u.
1249 621 1285 689 2.
1303 623 1352 690 oi.

210 715 307 788 llorul.
325 722 350 791 l.
369 722 418 792 V.
436 747 472 793 n.
490 727 545 793 65.

258 829 348 911 Quod
364 841 501 921 spectat
524 832 756 922 corruptelam
772 855 917 923 graecae
934 832 1117 919 versionis,
1138 835 1263 902 summi
1282 859 1352 903 mo·

212 938 293 1004 nenti
314 944 370 1006 est
393 941 628 1010 testimonium
650 941 792 1009 Ioannis
816 941 966 1024 diaconi,
985 943 1098 1033 quiin
1118 943 1247 1009 Vitae.
1268 943 1355 1010 Gre-

210 1045 277 1128 gorii
297 1045 322 1114 l.
341 1047 403 1116 lv.
423 1073 457 1115 n.
476 1048 532 1116 75.
558 1051 611 1116 ita
642 1050 779 1117 scribit.
809 1049 936 1131 «Quos
961 1049 1068 1139 libros
1092 1050 1353 1139 (Dialogorum)

209 1147 371 1223 Zacharias
387 1179 417 1224 s.
432 1157 610 1226 Ecclesiae
627 1159 800 1226 Romanae
817 1158 1011 1248 Episcopus
1027 1165 1122 1245 (ano.
1135 1159 1351 1241 tal-tat)...

211 1253 237 1322 iu
253 1283 403 1347 graecam
427 1262 584 1353 linguam
620 1276 826 1333 conuertens
850 1265 1082 1333 orientalibus
1106 1264 1278 1332 Ecclesiis
1302 1265 1354 1334 di·

164 1383 169 1395 ·
211 1369 361 1460 vulgavit,
388 1379 544 1464 quamuis
567 1389 685 1441 astuto
709 1375 913 1442 Graecorum
934 1374 1192 1459 peruersitusin
1217 1397 1351 1440 comme·

212 1484 371 1548 moratione
403 1485 560 1570 Spiritus
591 1484 711 1552 Sancti
735 1508 756 1549 a
783 1484 887 1549 l'otre
916 1479 1129 1569 procedentis
1154 1479 1205 1567 (l)
1236 1505 1354 1547 aomeo

212 1584 280 1652 llilii
312 1593 465 1679 suaptim
494 1590 618 1658 radens
653 1591 885 1658 abstulerit.»
912 1589 1060 1656 loannes
1084 1588 1252 1656 diaconus
1275 1611 1355 1657 suos

212 1688 292 1764 lihros
325 1699 367 1766 de
391 1699 476 1767 Vita
499 1699 664 1788 Gregorii
702 1696 869 1786 scripsit,
896 1706 937 1765 nt
961 1697 996 1763 in
1034 1697 1251 1784 praefatione
1280 1688 1351 1780 ait,

215 1819 464 1896 ‹praeceptore‚
490 1809 630 1875 fautore
652 1814 688 1874 et
719 1807 864 1875 iudicer
892 1806 1020 1873 Ioanne
1045 1805 1147 1874 Vlll.
1174 1813 1246 1893 (an.
1266 1806 1356 1874 872-

216 1904 282 1997 tuh
305 1925 409 2006 atque
433 1915 517 1984 adeo
541 1918 673 2006 scripta
696 1915 781 1983 haec
805 1924 889 1982 sunt
912 1926 948 1982 et
970 1913 1146 1999 Pontifici,
1166 1937 1266 2006 quem
1291 1915 1353 1982 im·

215 2031 304 2101 postor
336 2024 484 2092 Photius
518 2049 614 2091 staram
644 2024 809 2121 Ioannem
839 2021 996 2110 appellat
1020 2021 1191 2111 (Mystag.
1210 2022 1353 2109 aaa),

216 2118 306 2196 hosta
326 2130 462 2223 aliquot
484 2133 587 2199 annis
611 2144 793 2224 postquam
826 2130 887 2198 ille
912 2130 949 2195 in
972 2150 1036 2195 sua
1063 2124 1214 2218 epistola
1248 2152 1355 2219 ency-

215 2229 298 2321 clica,
322 2240 358 2309 ia
386 2240 502 2308 altera
535 2240 579 2308 ad
605 2264 718 2328 regem
743 2237 934 2326 Bulgariae
970 2246 1006 2306 et
1040 2237 1077 2306 in
1112 2237 1354 2306 conciliabulo

214 2344 274 2410 anni
293 2347 369 2415 867.
394 2348 519 2436 dogma
542 2348 753 2416 catholicum
779 2348 984 2436 impugnare
1000 2354 1173 2436 coeperat,
1191 2347 1258 2414 imo
1276 2369 1352 2436 pro·

215 2442 348 2523 habiliter
371 2455 476 2524 etiam
500 2465 682 2547 postquam
707 2455 849 2523 fraudes
873 2456 908 2521 in
926 2454 1165 2522 conciliabulo
1182 2453 1268 2521 anui
1284 2453 1352 2522 880

214 2571 307 2630 contra
328 2565 442 2653 ipsum
468 2562 629 2633 Ioannem
644 2563 734 2633 VllI
750 2571 972 2652 perpetratae
986 2563 1055 2630 iam
1072 2563 1199 2631 Romae
1214 2561 1351 2652 plenius
1475 2568 1486 2590 '

213 2657 411 2742 innotuerant
439 2683 476 2742 et
498 2675 542 2740 ab
564 2673 680 2741 eodem
704 2672 873 2741 Pontifice
908 2673 1050 2741 fuerant
1073 2671 1281 2757 damnatae,
1307 2668 1349 2739 de

213 2790 264 2858 qua
282 2803 313 2850 re
337 2781 488 2849 inferius
511 2781 678 2850 dio-emus.

260 2883 305 2955 Er
329 2889 384 2957 his
403 2904 504 2978 porr'o
522 2891 707 2958 manifesta
730 2897 815 2957 sunt
838 2887 1034 2979 sequentia.
1051 2892 1087 2974 a)
1102 2887 1182 2976 Ipso
1198 2891 1350 2974 tempore

214 2978 304 3063 Pholii
333 3004 369 3066 et
393 2999 429 3064 in
453 2999 529 3066 sins
565 2999 746 3066 haereseos
780 2999 922 3066 exordio
947 2998 983 3063 in
1005 2986 1164 3064 Ecclesia
1195 2995 1351 3062 Romana

215 3107 373 3173 communis
396 3119 473 3174 erat
496 3113 532 3174 et
555 3107 757 3174 indubitata
781 3104 995 3195 praedicatio
1011 3104 1184 3192 dogmatis
1208 3103 1249 3169 de
1274 3124 1352 3191 pro·

216 3210 336 3282 cessione
360 3214 517 3303 Spiritus
540 3216 659 3284 Sancti
690 3216 796 3282 etiam
819 3239 861 3282 ex
884 3213 990 3293 Filio,
1017 3213 1257 3300 Photianaque
1275 3210 1353 3278 doo-

215 3311 287 3382 triua
301 3320 521 3391 indicabatur
536 3324 677 3393 novitas
694 3325 840 3413 profana
854 3323 1040 3390 fraudibus
1056 3320 1188 3389 innixa.
1206 3319 1239 3407 b)
1253 3319 1350 3385 loan-

216 3433 261 3486 nes
278 3424 434 3501 vilain
458 3431 574 3500 eadem
599 3431 773 3524 dogmatis
798 3430 1053 3520 praedicatione
1070 3429 1170 3518 plene
1194 3427 1269 3494 suis
1292 3450 1360 3495 an·r

151 3622 155 3631 Ι
215 3525 415 3607 teoessoribus
439 3539 626 3620 consensit,
641 3553 745 3629 atque
763 3539 843 3606 hino
867 3549 942 3607 tum
961 3539 1082 3606 laudes
1106 3535 1354 3628 quassubdola

215 3621 335 3712 Plotius
359 3646 481 3714 loanni
506 3647 634 3714 tribuit
651 3647 686 3712 in
704 3646 930 3736 Mystagogia
945 3654 980 3714 et
996 3646 1031 3712 in
1048 3643 1197 3734 epistola
1222 3645 1265 3712 ad
1280 3643 1349 3735 Ep.

215 3733 458 3838 Aquileiense,
480 3763 554 3824 tum
579 3755 726 3845 epistola
741 3758 902 3823 ‘absurda
925 3758 989 3823 sub
1012 3754 1147 3821 nomine
1172 3752 1351 3820 Ioannisa

215 3838 334 3930 Graecis
355 3864 515 3948 conficta,
535 3862 571 3930 in
596 3885 664 3955 qua
681 3864 841 3931 doctrine
857 3862 1032 3931 catholica
1050 3860 1281 3949 blasphemiae
1298 3881 1353 3929 ac·

212 3964 358 4057 eutatur,
384 3993 497 4039 merae
527 3983 609 4040 sunt
644 3971 850 4041 calumniae.
878 3976 908 4058 c)
931 3970 1060 4059 Magna
1092 3967 1352 4058 probabilitate,

206 4217 209 4222 .
262 4139 372 4222 llll'er
390 4156 623 4223 seintelligitur,
638 4155 705 4209 huic
722 4157 809 4209 etiam
828 4155 888 4208 loco
907 4154 1025 4207 Ioannis
1038 4171 1055 4207 a
1068 4153 1238 4221 Theophane
1250 4153 1355 4206 Proko-

203 4226 297 4292 l⁰ll⁰²
314 4247 434 4314 aliisque
454 4248 643 4301 schismaticis
663 4249 725 4301 sins
745 4247 867 4299 testibus
886 4249 916 4296 et
939 4260 973 4298 ex
1001 4259 1077 4298 mero
1101 4245 1224 4298 arbitrio
1251 4243 1356 4311 opponi

196 4315 442 4483 iilsglmfziffii‘
464 4359 477 4389 ‘⁴
497 4339 665 4410 ⁸P⁰l⁰8l⁴mo
682 4357 695 4388 n
712 4338 806 4392 <imnis
824 4351 884 4390 etse
899 4336 998 4406 spuria
1011 4341 1040 4390 st
1052 4335 1197 4404 posterius
1211 4333 1355 4389 statiuis

267 4434 335 4490 1¹⁰²
369 4467 374 4483 .
