3120 4988
727 327 764 341 -
786 293 844 356 236
864 326 902 340 -

196 392 199 399 ’
237 404 341 488 prout
369 399 407 466 in
439 399 652 467 revelatione
677 397 883 488 Scripturas
906 402 942 466 et
965 395 1187 465 Traditionis
1210 393 1401 463 secundum

235 504 454 573 intellectum
478 505 689 576 catholicum
712 513 747 574 et
763 528 901 574 sensum
916 503 1193 573 ecclesiasticum
1209 501 1406 592 explicatae

236 613 443 682 credendum
466 613 702 703 praedicatur.
728 614 827 682 Hanc
851 634 933 680 sane
957 609 1216 680 subversionem
1242 607 1407 698 mysterii

236 721 408 789 contineri
424 721 462 789 in
479 722 639 791 doctrine
654 720 855 789 schismatis
872 718 1057 788 orientalis
1074 717 1406 799 demonstravimus,

236 830 274 895 in
298 828 470 898 Traotstu
493 829 534 897 de
559 830 736 897 Trinitate
760 829 898 920 quidem
928 827 1128 915 exponendo
1158 825 1263 894 fidem
1287 823 1407 893 catho-

238 935 343 1006 licam
356 936 397 1005 de
413 937 630 1026 processione
644 937 800 1027 Spiritus
818 936 940 1005 Sancti
956 958 998 1004 ex
1015 935 1172 1004 omnibus
1189 931 1410 1002 documentis

236 1045 476 1131 revelationis,
502 1045 540 1113 in
563 1046 628 1114 hac
652 1044 777 1114 deinde
800 1045 977 1134 praesenti
1005 1041 1253 1134 disquisitione
1278 1039 1409 1109 exami-

238 1151 351 1220 nando
375 1152 448 1222 vim
472 1176 512 1220 ec
536 1176 675 1221 sensum
698 1159 734 1221 et
756 1152 985 1220 fundamenta
1007 1149 1248 1220 innovationis
1264 1148 1409 1216 Photis·

239 1281 316 1345 nae,
342 1281 430 1351 quae
456 1260 551 1328 sicut
573 1262 723 1350 primum
746 1283 768 1327 a
792 1283 854 1328 suo
878 1265 1021 1328 auctore
1044 1259 1192 1328 conficta
1215 1264 1282 1342 est,
1310 1257 1365 1325 ita
1390 1278 1411 1323 a

239 1368 472 1438 sectatoribus
488 1368 561 1436 alia
576 1369 922 1438 ratione'sustentsri
937 1390 1005 1435 non
1021 1372 1149 1457 potest,
1163 1366 1235 1434 nisi
1253 1365 1409 1433 omnium

237 1482 534 1558 monumentorum
546 1477 810 1561 catholicorum,
826 1476 1043 1565 Scripturas,
1058 1473 1309 1563 symbolorum,
1325 1470 1410 1540 Ocn-

238 1583 412 1670 ciliorum,
427 1583 608 1653 doctrinae
631 1587 777 1652 Patrum
801 1583 931 1673 purtim
948 1583 1189 1670 abnegatione,
1206 1579 1409 1649 dissimula-

237 1690 343 1777 tione,
369 1693 604 1780 truncatione;·
630 1691 818 1782 partimin
843 1689 1029 1759 sententiis
1051 1689 1158 1757 etiam
1179 1686 1409 1775 lucidissimis

238 1798 282 1866 sd
305 1798 458 1869 alienum
483 1824 622 1871 sensum
639 1800 920 1883 transversione.

304 1905 459 1995 Spiritus
482 1908 646 1976 veritatis
670 1915 705 1976 et
727 1909 933 1997 sapientise,
960 1933 981 1977 a
1004 1912 1110 1980 Patre
1127 1916 1173 1993 et
1197 1908 1294 1978 Filio
1318 1909 1410 1978 veri-

238 2018 312 2082 tate
328 2018 370 2105 et¹
386 2013 572 2104 sapientia,
591 2004 819 2083 aeternaliter
841 2016 1031 2105 procedens
1053 2018 1092 2084 in
1109 2039 1178 2087 una
1200 2018 1355 2087 veritate
1376 2022 1412 2087 et

243 2119 426 2207 sapientia,
445 2120 749 2214 actemporaliter
773 2123 900 2190 missus
924 2121 968 2191 ad
992 2125 1179 2193 docendam
1202 2145 1338 2194 omnem
1355 2147 1411 2193 vc·

241 2228 382 2296 ritatem
413 2236 448 2296 et
477 2228 745 2319 impertiendum
769 2230 894 2297 donum
919 2231 1114 2320 sapientiae
1137 2232 1275 2321 aperiat
1306 2233 1412 2302 corda

240 2334 433 2404 errantium
456 2334 636 2404 intendere
661 2338 741 2422 his,
767 2358 854 2427 quae
880 2337 1047 2406 dicuntur
1070 2340 1114 2405 ab
1138 2361 1231 2423 uns,
1258 2348 1407 2423 saneta,

241 2441 438 2526 catholica,
471 2442 664 2530 apostolica
686 2442 868 2527 Ecclesia,
906 2443 964 2512 cui
998 2444 1190 2534 promissus
1221 2452 1258 2514 et
1280 2447 1410 2515 missus

242 2558 297 2620 est
318 2551 393 2642 ipse
417 2550 573 2643 Spiritus
597 2551 776 2637 veritatis,
796 2558 837 2620 ut
850 2574 926 2620 cum
950 2572 991 2620 ea
1006 2560 1143 2621 maneat
1158 2553 1196 2620 in
1214 2559 1432 2623 aeternum·
1500 2597 1523 2609 -
