3120 4988
609 218 648 235 -
672 188 728 252 iii
749 219 786 236 ·-

111 310 147 365 et
171 296 266 366 Filio
300 297 476 378 mittitur5
499 294 559 364 aed
588 304 730 385 propter
761 294 1023 377 distinctionem
1060 316 1285 383 personarum

108 405 170 474 hic
194 405 327 473 dicitur
350 427 372 471 a
395 405 501 472 Patra
526 403 709 493 procedere
733 410 768 471 at
791 426 812 470 a
835 403 929 472 Filio
946 405 1039 472 mitti
1064 405 1126 492 (of.
1145 405 1180 471 in
1199 405 1286 472 Tra-

107 520 211 582 ctatu
234 519 355 580 nostro
380 511 446 579 Th.
462 512 594 597 XiIl.);
614 513 651 578 in
668 512 783 580 eadem
808 511 1034 580 distinctione
1060 533 1284 601 personarum

107 641 210 688 unam
237 645 310 690 essa
335 623 569 710 operationem
586 643 626 713 ao
646 620 861 687 voiuntatem
879 642 978 687 auam
995 611 1071 688 oum
1088 619 1208 687 Patria
1225 641 1285 688 vo-

105 727 249 797 luntate
272 729 460 797 denuntiat
475 755 490 786 n
508 729 622 816 (Hom.
642 728 697 796 49.
718 727 835 816 Migne
860 728 901 794 T.
920 726 991 794 CX.
1015 752 1045 816 p.
1066 726 1175 812 232).

176 837 233 904 Ad
258 836 409 905 alterum
444 859 579 928 quoque
604 859 705 904 suum
729 835 966 904 testimouium
991 840 1046 923 (ex
1073 836 1096 904 l.
1114 835 1176 903 VI.
1199 860 1229 906 c.
1247 837 1282 907 Τ.

105 944 147 1012 in
170 943 338 1025 Ecclesi.)
362 943 538 1012 Macarius
562 943 658 1032 legat
691 942 976 1010 commentarium
1002 941 1107 1010 initio
1130 944 1285 1012 eiusdem

107 1051 240 1139 capitis
263 1051 296 1120 2.
324 1052 367 1119 ab
391 1052 467 1141 ipso
491 1051 612 1141 citati,
641 1049 698 1116 ubi
725 1049 915 1117 Rhabanua
931 1051 982 1116 ita
1001 1050 1115 1118 habet.
1138 1049 1285 1138 aspiri-

105 1165 169 1226 tua
192 1150 284 1225 enim
310 1181 404 1227 meua
439 1181 544 1246 saper
568 1157 631 1225 mel
658 1157 796 1242 dulcis,
821 1165 859 1226 et
883 1159 1059 1226 hereditas
1083 1179 1157 1224 mea
1180 1180 1284 1246 super

106 1267 175 1333 mei
202 1273 238 1333 et
262 1267 395 1334 favum.
422 1264 581 1353 Spiritus
604 1266 694 1333 enim
718 1265 786 1333 iate
803 1287 869 1331 non
894 1264 987 1332 alius
1008 1265 1284 1356 quam-Spiritus

70 1383 72 1387 ”
105 1381 162 1442 est
186 1372 350 1456 Sanctus,
377 1374 439 1463 qni
461 1374 644 1438 commanis
669 1386 716 1438 ert
733 1372 839 1437 Patri
854 1387 886 1437 et
899 1372 1009 1450 Filio,
1030 1375 1114 1463 quia
1131 1368 1304 1460 procedit'

105 1505 131 1546 a
154 1469 275 1559 Putre,
300 1478 454 1567 procedit
478 1495 509 1545 et
534 1506 556 1547 a
580 1481 691 1559 Filim-
715 1481 870 1546 mittitur
894 1505 916 1546 a
939 1481 1060 1562 Patre,
1079 1482 1235 1546 mittitur
1251 1493 1283 1546 et

106 1610 131 1653 a
155 1588 282 1678 Filio»
309 1588 372 1674 (ibi
398 1589 439 1657 Τ.
458 1587 549 1656 CIX.
569 1613 602 1678 p.
623 1588 733 1674 939).

175 1695 305 1763 Veram
323 1697 442 1763 doctor
459 1695 691 1785 Moguntinus
715 1696 948 1765 consulendus
970 1699 1026 1765 est
1049 1697 1085 1765 in
1111 1696 1157 1763 iis
1181 1696 1286 1781 tocies

103 1803 143 1872 iu
169 1803 297 1893 quibus
321 1803 404 1869 data
428 1826 530 1892 opera
553 1803 747 1871 doctrinam
771 1804 883 1871 tradit
907 1805 947 1871 dc
972 1802 1034 1871 SS.
1052 1805 1230 1873 Trinitata
1247 1812 1284 1876 et

104 1913 149 1979 de
165 1911 305 1999 Spiritu
320 1910 460 1995 Sancto,
481 1913 674 1978 cuiusmodi
693 1921 745 1978 eet
758 1911 783 1979 l.
800 1912 828 1980 Ι.
849 1910 889 1977 de
909 1911 1070 1979 Universa
1088 1924 1194 2000 caput
1212 1913 1279 1983 ΙΙΙ.

103 2017 147 2086 de
170 2021 308 2105 Spiritu
332 2021 471 2098 Sancto,
489 2030 524 2087 et
548 2029 653 2110 caput
670 2019 721 2087 IV
739 2019 779 2085 de
797 2021 971 2088 Trinitate
985 2018 1208 2107 inscriptum.
1228 2020 1282 2088 Ibi

104 2125 200 2194 inter
223 2125 295 2194 aiia
319 2125 422 2215 plura
446 2126 529 2195 haec
553 2128 664 2195 docet.
694 2128 882 2215 «Spiritus
908 2127 1059 2195 Sanctus
1084 2128 1160 2195 ideo
1185 2151 1283 2216 prae-

107 2235 250 2303 dicatur
274 2236 379 2320 Deua,
399 2237 484 2327 quia
509 2259 550 2301 ero
572 2234 677 2303 Patre
700 2235 863 2326 Filioque
878 2233 1043 2322 procedit,
1061 2247 1096 2302 et
1120 2238 1281 2305 substan·

104 2343 193 2409 tiam
217 2343 294 2409 eius
331 2341 595 2435 habetpuequa
626 2342 716 2411 enirn
752 2342 851 2410 aliud
884 2343 924 2410 de
959 2341 1066 2410 Patre
1098 2344 1282 2432 procedere

103 2451 234 2539 potuit,
261 2471 361 2539 quam
388 2451 477 2540 quod
502 2452 578 2537 ipsa
602 2459 655 2518 eat
675 2450 781 2517 Pater
798 2450 859 2538 (i).
880 2450 1037 2538 Spiritus
1053 2448 1205 2519 Sanetus
1221 2475 1281 2521 au·

102 2565 174 2629 tem
198 2558 385 2626 dictus‘est
400 2559 588 2626 secundum
607 2558 653 2640 id,
674 2557 764 2648 quod
781 2559 825 2626 ad
842 2558 977 2649 aliquid
995 2561 1161 2628 refertur.
1181 2560 1281 2629 Sicut

103 2664 195 2734 enirn
225 2665 375 2733 relative
410 2665 516 2733 Pater
546 2677 582 2734 et
612 2665 728 2734 Filius
759 2665 953 2747 dicuntur,
987 2667 1038 2734 ita
1062 2677 1097 2735 at
1121 2668 1281 2755 Spiritus

104 2772 257 2842 Sanctus
282 2773 327 2838 ud
352 2774 489 2840 Patrem
508 2788 539 2839 ct
558 2775 589 2841 F
590 2774 691 2840 ilium
715 2772 958 2864 quodammodo
974 2775 1120 2840 relative
1136 2774 1279 2858 dicitnr,

103 2884 191 2974 qaia
217 2882 339 2948 Patria
362 2895 394 2946 et
418 2882 509 2948 Fittt
528 2884 683 2968 Spiritus
706 2896 797 2951 eat...
823 2882 919 2970 Ergo
937 2885 1000 2951 hoo
1018 2884 1142 2950 donum
1163 2885 1225 2951 Dei
1243 2885 1280 2953 id

103 2999 159 3059 esi
183 2988 340 3079 Spiritus
363 2986 526 3070 Sanctae.
546 2992 609 3080 qui
633 2988 673 3055 de
697 2990 804 3056 Patre
828 3006 859 3054 et
877 2991 971 3058 Filio
990 2990 1186 3082 aequaliter
1201 3017 1280 3081 pro-

104 3099 214 3179 cedit,
242 3097 435 3183 ineffabilia
459 3095 627 3187 quaedam
651 3097 773 3164 Patria
799 3098 956 3189 Filiique
976 3101 1161 3164 communio
1187 3113 1276 3169 eat...

102 3207 178 3274 Hoc
202 3205 350 3272 interest
374 3203 467 3270 iuter
500 3215 694 3271 nascentem
716 3204 847 3273 Filium
873 3210 909 3273 et
939 3207 1175 3294 procedentem
1201 3206 1279 3294 Spi-

105 3315 215 3382 ritum
242 3311 422 3394 Sanctum,
441 3310 531 3398 qaod
549 3312 665 3380 Filiae
689 3335 730 3378 ero
753 3337 819 3378 reno
836 3316 1003 3395 nuscitur,
1023 3292 1176 3401 spiritua
1193 3315 1279 3384 San·

104 3438 177 3490 etur
201 3443 243 3487 eto
266 3434 411 3510 utroque
432 3419 627 3506 procedit...
655 3419 833 3503 Quaedam
864 3421 985 3509 itaqua
1008 3423 1059 3507 (in
1085 3413 1278 3506 Trinitate)

105 3530 257 3599 relative
281 3528 461 3619 dicuutur,
482 3538 521 3595 ut
545 3528 650 3596 Pater
674 3529 717 3596 ad
741 3529 886 3612 Filium,
911 3528 1029 3596 Filius
1054 3529 1097 3595 ad
1123 3527 1275 3612 Patrem,

105 3651 135 3702 at
159 3637 314 3723 Spiritus
343 3635 488 3703 Sanctae
520 3635 665 3702 relatiua
696 3633 741 3702 ad
765 3638 904 3705 Patrem
929 3652 960 3702 et
994 3636 1151 3717 attium
1174 3636 1218 3704 ad
1242 3660 1278 3706 aa

105 3752 219 3810 autem
244 3742 320 3809 sive
342 3742 447 3809 Pater
471 3745 547 3810 aiva
569 3743 687 3811 Filius
712 3744 788 3810 aive
813 3741 968 3832 Spiritus
992 3741 1155 3828 Sanctus,
1183 3745 1278 3815 Deua

108 3851 269 3920 dicituro
295 3851 359 3937 (ibi
384 3850 424 3918 Τ.
445 3851 537 3920 CXI.
558 3876 590 3939 p.
609 3851 664 3918 23.
685 3851 741 3919 24.
760 3852 830 3937 27).

170 3960 244 4065 Imp
269 3958 460 4026 Rhabanus
484 3959 600 4027 tribus
624 3959 661 4025 in
680 3959 766 4028 locis
783 3982 923 4027 suorum
940 3982 1080 4049 operum
1097 3961 1276 4052 explicans

121 4149 124 4155 -
176 4117 218 4193 (1)
237 4122 333 4175 Verba
351 4122 447 4175 eadem
467 4121 591 4175 vidimus
611 4124 741 4190 aupariua
761 4125 792 4176 in
811 4123 931 4176 homilia
958 4123 1019 4178 106.
1044 4125 1213 4194 Haymonia,
1232 4127 1277 4180 oui

112 4208 260 4264 Rhebanus
279 4227 345 4267 suos
363 4212 454 4266 libros
478 4213 512 4265 de
532 4215 672 4268 Universa
692 4215 782 4282 misit,
799 4219 832 4266 ut
852 4220 967 4267 constat
986 4230 1021 4267 ax
1041 4217 1222 4284 praefatione
1237 4215 1273 4269 ad

115 4299 317 4355 ¹‘Hammonem
335 4322 347 4352 r
363 4340 371 4356 .
