<?xml version="1.0" encoding="UTF-8"?>
<!DOCTYPE html PUBLIC "-//W3C//DTD XHTML 1.0 Transitional//EN"
    "http://www.w3.org/TR/xhtml1/DTD/xhtml1-transitional.dtd">
<html xmlns="http://www.w3.org/1999/xhtml" xml:lang="en" lang="en">
 <head>
  <title>
</title>
<meta http-equiv="Content-Type" content="text/html;charset=utf-8" />
  <meta name='ocr-system' content='tesseract 3.04.00' />
  <meta name='ocr-capabilities' content='ocr_page ocr_carea ocr_par ocr_line ocrx_word'/>
</head>
<body>
  <div class='ocr_page' id='page_1' title='image "./ioannisbaptfran00frangoog_0307.png"; bbox 0 0 3120 4988; ppageno 0'>
   <div class='ocr_carea' id='block_1_1' title="bbox 189 322 1419 4088">
    <p class='ocr_par' dir='ltr' id='par_1_1' title="bbox 679 322 854 387">
     <span class='ocr_line' id='line_1_1' title="bbox 679 322 854 387; baseline 0 -1"><span class='ocrx_word' id='word_1_1' title='bbox 679 357 716 370; x_wconf 93' lang='lat'><em>-</em></span> <span class='ocrx_word' id='word_1_2' title='bbox 738 322 797 387; x_wconf 74' lang='lat'>302</span> <span class='ocrx_word' id='word_1_3' title='bbox 816 357 854 370; x_wconf 92' lang='lat'>-</span> 
     </span>
    </p>

    <p class='ocr_par' dir='ltr' id='par_1_2' title="bbox 189 419 1356 736">
     <span class='ocr_line' id='line_1_2' title="bbox 191 419 1355 518; baseline -0.008 -20"><span class='ocrx_word' id='word_1_4' title='bbox 191 452 307 499; x_wconf 87' lang='lat' dir='ltr'>corum</span> <span class='ocrx_word' id='word_1_5' title='bbox 332 430 411 518; x_wconf 90' lang='lat' dir='ltr'>(snb</span> <span class='ocrx_word' id='word_1_6' title='bbox 434 430 557 500; x_wconf 85' lang='lat' dir='ltr'>Garclo</span> <span class='ocrx_word' id='word_1_7' title='bbox 573 430 638 517; x_wconf 88' lang='lat' dir='ltr'>M.)</span> <span class='ocrx_word' id='word_1_8' title='bbox 662 429 846 498; x_wconf 82' lang='lat' dir='ltr'>formulam</span> <span class='ocrx_word' id='word_1_9' title='bbox 863 419 921 493; x_wconf 77' lang='grc' dir='ltr'>δια</span> <span class='ocrx_word' id='word_1_10' title='bbox 946 451 1007 495; x_wconf 80' lang='grc' dir='ltr'>του</span> <span class='ocrx_word' id='word_1_11' title='bbox 1026 429 1096 492; x_wconf 74' lang='lat' dir='ltr'>troo</span> <span class='ocrx_word' id='word_1_12' title='bbox 1112 425 1189 514; x_wconf 83' lang='lat' dir='ltr'>(per</span> <span class='ocrx_word' id='word_1_13' title='bbox 1209 423 1355 512; x_wconf 81' lang='lat' dir='ltr'>Filiam)</span> 
     </span>
     <span class='ocr_line' id='line_1_3' title="bbox 189 532 1356 628; baseline -0.007 -21"><span class='ocrx_word' id='word_1_14' title='bbox 189 539 363 607; x_wconf 90' lang='lat' dir='ltr'>immerito</span> <span class='ocrx_word' id='word_1_15' title='bbox 388 544 583 628; x_wconf 84' lang='lat' dir='ltr'>suspectam</span> <span class='ocrx_word' id='word_1_16' title='bbox 608 538 782 607; x_wconf 84' lang='lat' dir='ltr'>habebant</span> <span class='ocrx_word' id='word_1_17' title='bbox 810 537 910 606; x_wconf 90' lang='lat' dir='ltr'>velut</span> <span class='ocrx_word' id='word_1_18' title='bbox 934 532 1146 605; x_wconf 87' lang='lat' dir='ltr'>contrariam</span> <span class='ocrx_word' id='word_1_19' title='bbox 1171 532 1356 603; x_wconf 86' lang='lat' dir='ltr'>divinitati</span> 
     </span>
     <span class='ocr_line' id='line_1_4' title="bbox 190 646 663 736; baseline -0.011 -22"><span class='ocrx_word' id='word_1_20' title='bbox 190 646 348 736; x_wconf 81' lang='lat' dir='ltr'>Spiritus</span> <span class='ocrx_word' id='word_1_21' title='bbox 372 647 544 715; x_wconf 72' lang='lat' dir='ltr'>Sancti.»</span> <span class='ocrx_word' id='word_1_22' title='bbox 659 679 663 689; x_wconf 82' lang='lat'>=</span> 
     </span>
    </p>

    <p class='ocr_par' dir='ltr' id='par_1_3' title="bbox 189 747 1419 1923">
     <span class='ocr_line' id='line_1_5' title="bbox 256 747 1359 842; baseline -0.008 -17"><span class='ocrx_word' id='word_1_23' title='bbox 256 755 290 820; x_wconf 85' lang='lat'>5⁰</span> <span class='ocrx_word' id='word_1_24' title='bbox 316 783 333 817; x_wconf 90' lang='grc' dir='ltr'><strong><em>ι</em></strong></span> <span class='ocrx_word' id='word_1_25' title='bbox 349 754 422 825; x_wconf 87' lang='lat' dir='ltr'>Neo</span> <span class='ocrx_word' id='word_1_26' title='bbox 445 778 515 823; x_wconf 91' lang='lat' dir='ltr'>una</span> <span class='ocrx_word' id='word_1_27' title='bbox 538 756 700 824; x_wconf 90' lang='lat' dir='ltr'>doctrina</span> <span class='ocrx_word' id='word_1_28' title='bbox 723 758 761 842; x_wconf 87' lang='lat' dir='ltr'>(a</span> <span class='ocrx_word' id='word_1_29' title='bbox 777 756 884 822; x_wconf 79' lang='lat' dir='ltr'>Patre</span> <span class='ocrx_word' id='word_1_30' title='bbox 904 776 969 842; x_wconf 80' lang='lat' dir='ltr'>per</span> <span class='ocrx_word' id='word_1_31' title='bbox 994 752 1141 841; x_wconf 82' lang='lat' dir='ltr'>Filiam)</span> <span class='ocrx_word' id='word_1_32' title='bbox 1162 772 1226 818; x_wconf 89' lang='lat' dir='ltr'>nec</span> <span class='ocrx_word' id='word_1_33' title='bbox 1250 747 1359 817; x_wconf 87' lang='lat' dir='ltr'>altera</span> 
     </span>
     <span class='ocr_line' id='line_1_6' title="bbox 190 856 1358 951; baseline -0.002 -24"><span class='ocrx_word' id='word_1_34' title='bbox 190 866 228 949; x_wconf 87' lang='lat' dir='ltr'>(a</span> <span class='ocrx_word' id='word_1_35' title='bbox 250 864 357 930; x_wconf 79' lang='lat' dir='ltr'>Patre</span> <span class='ocrx_word' id='word_1_36' title='bbox 381 876 412 928; x_wconf 78' lang='lat' dir='ltr'>et</span> <span class='ocrx_word' id='word_1_37' title='bbox 437 864 549 950; x_wconf 82' lang='lat' dir='ltr'>Filio)</span> <span class='ocrx_word' id='word_1_38' title='bbox 565 863 698 932; x_wconf 88' lang='lat' dir='ltr'>censeri</span> <span class='ocrx_word' id='word_1_39' title='bbox 714 866 830 951; x_wconf 89' lang='lat' dir='ltr'>potest</span> <span class='ocrx_word' id='word_1_40' title='bbox 852 860 1039 942; x_wconf 89' lang='lat' dir='ltr'>haeretica,</span> <span class='ocrx_word' id='word_1_41' title='bbox 1066 857 1239 948; x_wconf 86' lang='lat' dir='ltr'><strong>siquidem</strong></span> <span class='ocrx_word' id='word_1_42' title='bbox 1262 879 1284 923; x_wconf 93' lang='lat' dir='ltr'>a</span> <span class='ocrx_word' id='word_1_43' title='bbox 1306 856 1358 925; x_wconf 88' lang='lat' dir='ltr'>de·</span> 
     </span>
     <span class='ocr_line' id='line_1_7' title="bbox 191 967 1357 1063; baseline -0.005 -25"><span class='ocrx_word' id='word_1_44' title='bbox 191 970 388 1039; x_wconf 78' lang='lat' dir='ltr'>tonsoribus</span> <span class='ocrx_word' id='word_1_45' title='bbox 423 972 610 1063; x_wconf 86' lang='lat' dir='ltr'>utriusque</span> <span class='ocrx_word' id='word_1_46' title='bbox 635 981 709 1039; x_wconf 91' lang='lat' dir='ltr'>tum</span> <span class='ocrx_word' id='word_1_47' title='bbox 745 970 864 1038; x_wconf 89' lang='lat' dir='ltr'>unitas</span> <span class='ocrx_word' id='word_1_48' title='bbox 894 975 969 1036; x_wconf 87' lang='lat' dir='ltr'>tum</span> <span class='ocrx_word' id='word_1_49' title='bbox 993 967 1100 1037; x_wconf 88' lang='lat' dir='ltr'>trium</span> <span class='ocrx_word' id='word_1_50' title='bbox 1135 987 1357 1056; x_wconf 88' lang='lat' dir='ltr'>personarum</span> 
     </span>
     <span class='ocr_line' id='line_1_8' title="bbox 190 1074 1359 1164; baseline -0.003 -17"><span class='ocrx_word' id='word_1_51' title='bbox 190 1079 542 1148; x_wconf 71' lang='lat' dir='ltr'>consubstantialitas</span> <span class='ocrx_word' id='word_1_52' title='bbox 566 1081 604 1146; x_wconf 91' lang='lat' dir='ltr'>in</span> <span class='ocrx_word' id='word_1_53' title='bbox 629 1079 700 1146; x_wconf 91' lang='lat' dir='ltr'>Deo</span> <span class='ocrx_word' id='word_1_54' title='bbox 724 1077 911 1146; x_wconf 80' lang='lat' dir='ltr'>retinetur.</span> <span class='ocrx_word' id='word_1_55' title='bbox 930 1077 1048 1145; x_wconf 88' lang='lat' dir='ltr'>Etiam</span> <span class='ocrx_word' id='word_1_56' title='bbox 1065 1074 1227 1144; x_wconf 90' lang='lat' dir='ltr'>doctrina</span> <span class='ocrx_word' id='word_1_57' title='bbox 1250 1080 1359 1164; x_wconf 75' lang='lat' dir='ltr'>poste</span> 
     </span>
     <span class='ocr_line' id='line_1_9' title="bbox 190 1182 1356 1276; baseline -0.003 -22"><span class='ocrx_word' id='word_1_58' title='bbox 190 1186 268 1255; x_wconf 87' lang='lat' dir='ltr'>rius</span> <span class='ocrx_word' id='word_1_59' title='bbox 292 1189 433 1257; x_wconf 89' lang='lat' dir='ltr'>invecta</span> <span class='ocrx_word' id='word_1_60' title='bbox 450 1188 513 1274; x_wconf 87' lang='lat'>(1),</span> <span class='ocrx_word' id='word_1_61' title='bbox 534 1186 705 1276; x_wconf 86' lang='lat' dir='ltr'>Spiritum</span> <span class='ocrx_word' id='word_1_62' title='bbox 724 1185 890 1254; x_wconf 85' lang='lat' dir='ltr'>Sanctum</span> <span class='ocrx_word' id='word_1_63' title='bbox 905 1184 1088 1274; x_wconf 88' lang='lat' dir='ltr'>procedere</span> <span class='ocrx_word' id='word_1_64' title='bbox 1106 1208 1127 1249; x_wconf 87' lang='lat' dir='ltr'>a</span> <span class='ocrx_word' id='word_1_65' title='bbox 1141 1182 1212 1251; x_wconf 81' lang='lat' dir='ltr'>roto</span> <span class='ocrx_word' id='word_1_66' title='bbox 1238 1185 1356 1266; x_wconf 81' lang='lat' dir='ltr'>Patre,</span> 
     </span>
     <span class='ocr_line' id='line_1_10' title="bbox 190 1293 1359 1385; baseline -0.001 -23"><span class='ocrx_word' id='word_1_67' title='bbox 190 1317 258 1363; x_wconf 92' lang='lat' dir='ltr'>non</span> <span class='ocrx_word' id='word_1_68' title='bbox 282 1299 398 1363; x_wconf 86' lang='lat' dir='ltr'>autem</span> <span class='ocrx_word' id='word_1_69' title='bbox 422 1318 445 1360; x_wconf 85' lang='lat' dir='ltr'>a</span> <span class='ocrx_word' id='word_1_70' title='bbox 470 1293 566 1362; x_wconf 79' lang='lat' dir='ltr'>Filio</span> <span class='ocrx_word' id='word_1_71' title='bbox 591 1295 666 1362; x_wconf 89' lang='lat' dir='ltr'>sive</span> <span class='ocrx_word' id='word_1_72' title='bbox 684 1318 749 1383; x_wconf 79' lang='lat' dir='ltr'>per</span> <span class='ocrx_word' id='word_1_73' title='bbox 773 1294 925 1376; x_wconf 82' lang='lat' dir='ltr'>Filiam,</span> <span class='ocrx_word' id='word_1_74' title='bbox 950 1316 1060 1385; x_wconf 90' lang='lat' dir='ltr'>neque</span> <span class='ocrx_word' id='word_1_75' title='bbox 1083 1293 1161 1383; x_wconf 89' lang='lat' dir='ltr'>ipsa</span> <span class='ocrx_word' id='word_1_76' title='bbox 1183 1293 1359 1362; x_wconf 87' lang='lat' dir='ltr'>haeretica</span> 
     </span>
     <span class='ocr_line' id='line_1_11' title="bbox 189 1400 1355 1492; baseline 0.002 -24"><span class='ocrx_word' id='word_1_77' title='bbox 189 1408 255 1485; x_wconf 88' lang='lat' dir='ltr'>cst,</span> <span class='ocrx_word' id='word_1_78' title='bbox 276 1407 447 1492; x_wconf 87' lang='lat' dir='ltr'>quatenus</span> <span class='ocrx_word' id='word_1_79' title='bbox 470 1401 547 1470; x_wconf 88' lang='lat' dir='ltr'>eius</span> <span class='ocrx_word' id='word_1_80' title='bbox 563 1402 704 1490; x_wconf 88' lang='lat' dir='ltr'>patroni</span> <span class='ocrx_word' id='word_1_81' title='bbox 722 1401 759 1467; x_wconf 92' lang='lat' dir='ltr'>in</span> <span class='ocrx_word' id='word_1_82' title='bbox 783 1400 847 1469; x_wconf 90' lang='lat' dir='ltr'>hoe</span> <span class='ocrx_word' id='word_1_83' title='bbox 860 1401 961 1486; x_wconf 24' lang='lat' dir='ltr'>,modo</span> <span class='ocrx_word' id='word_1_84' title='bbox 974 1400 1189 1490; x_wconf 85' lang='lat' dir='ltr'>concipiendi</span> <span class='ocrx_word' id='word_1_85' title='bbox 1213 1400 1355 1470; x_wconf 86' lang='lat' dir='ltr'>valeant</span> 
     </span>
     <span class='ocr_line' id='line_1_12' title="bbox 192 1508 1355 1596; baseline 0 -18"><span class='ocrx_word' id='word_1_86' title='bbox 192 1511 344 1579; x_wconf 89' lang='lat' dir='ltr'>retinere</span> <span class='ocrx_word' id='word_1_87' title='bbox 368 1509 524 1578; x_wconf 90' lang='lat' dir='ltr'>divinam</span> <span class='ocrx_word' id='word_1_88' title='bbox 548 1511 732 1596; x_wconf 81' lang='lat' dir='ltr'>unitatem3</span> <span class='ocrx_word' id='word_1_89' title='bbox 751 1515 989 1577; x_wconf 86' lang='lat' dir='ltr'>verumtamen</span> <span class='ocrx_word' id='word_1_90' title='bbox 1013 1508 1173 1578; x_wconf 90' lang='lat' dir='ltr'>doctrina</span> <span class='ocrx_word' id='word_1_91' title='bbox 1196 1508 1284 1577; x_wconf 88' lang='lat' dir='ltr'>haec</span> <span class='ocrx_word' id='word_1_92' title='bbox 1307 1511 1355 1579; x_wconf 92' lang='lat' dir='ltr'>in·</span> 
     </span>
     <span class='ocr_line' id='line_1_13' title="bbox 191 1617 1355 1706; baseline 0.001 -19"><span class='ocrx_word' id='word_1_93' title='bbox 191 1617 306 1687; x_wconf 89' lang='lat' dir='ltr'>cidere</span> <span class='ocrx_word' id='word_1_94' title='bbox 331 1618 474 1687; x_wconf 85' lang='lat' dir='ltr'>videtur</span> <span class='ocrx_word' id='word_1_95' title='bbox 496 1618 534 1686; x_wconf 92' lang='lat' dir='ltr'>in</span> <span class='ocrx_word' id='word_1_96' title='bbox 557 1617 786 1686; x_wconf 87' lang='lat' dir='ltr'>difficultates</span> <span class='ocrx_word' id='word_1_97' title='bbox 808 1639 877 1685; x_wconf 93' lang='lat' dir='ltr'>non</span> <span class='ocrx_word' id='word_1_98' title='bbox 900 1617 997 1684; x_wconf 92' lang='lat' dir='ltr'>modo</span> <span class='ocrx_word' id='word_1_99' title='bbox 1020 1617 1271 1706; x_wconf 85' lang='lat' dir='ltr'>speculativas,</span> <span class='ocrx_word' id='word_1_100' title='bbox 1300 1620 1355 1688; x_wconf 87' lang='lat' dir='ltr'>sed</span> 
     </span>
     <span class='ocr_line' id='line_1_14' title="bbox 190 1723 1357 1815; baseline 0.003 -25"><span class='ocrx_word' id='word_1_101' title='bbox 190 1724 228 1791; x_wconf 91' lang='lat' dir='ltr'>in</span> <span class='ocrx_word' id='word_1_102' title='bbox 251 1724 415 1792; x_wconf 88' lang='lat' dir='ltr'>maiorem</span> <span class='ocrx_word' id='word_1_103' title='bbox 438 1724 544 1792; x_wconf 89' lang='lat' dir='ltr'>etiam</span> <span class='ocrx_word' id='word_1_104' title='bbox 567 1745 608 1793; x_wconf 86' lang='lat' dir='ltr'>ex</span> <span class='ocrx_word' id='word_1_105' title='bbox 635 1724 837 1808; x_wconf 82' lang='lat' dir='ltr'>traditione,</span> <span class='ocrx_word' id='word_1_106' title='bbox 858 1724 942 1815; x_wconf 91' lang='lat' dir='ltr'>qnia</span> <span class='ocrx_word' id='word_1_107' title='bbox 965 1723 1082 1792; x_wconf 87' lang='lat' dir='ltr'>aliena</span> <span class='ocrx_word' id='word_1_108' title='bbox 1104 1724 1179 1791; x_wconf 80' lang='lat' dir='ltr'>fuit</span> <span class='ocrx_word' id='word_1_109' title='bbox 1201 1725 1245 1792; x_wconf 89' lang='lat' dir='ltr'>ab</span> <span class='ocrx_word' id='word_1_110' title='bbox 1268 1725 1357 1794; x_wconf 91' lang='lat' dir='ltr'>auti-</span> 
     </span>
     <span class='ocr_line' id='line_1_15' title="bbox 193 1822 1419 1923; baseline 0.003 -23"><span class='ocrx_word' id='word_1_111' title='bbox 193 1853 262 1923; x_wconf 90' lang='lat' dir='ltr'>qua</span> <span class='ocrx_word' id='word_1_112' title='bbox 285 1831 464 1921; x_wconf 84' lang='lat' dir='ltr'>theologia</span> <span class='ocrx_word' id='word_1_113' title='bbox 487 1831 725 1901; x_wconf 85' lang='lat' dir='ltr'>ecclesiastica</span> <span class='ocrx_word' id='word_1_114' title='bbox 743 1859 760 1894; x_wconf 80' lang='lat' dir='ltr'><em>n</em></span> <span class='ocrx_word' id='word_1_115' title='bbox 781 1831 841 1920; x_wconf 82' lang='lat'>(2).</span> <span class='ocrx_word' id='word_1_116' title='bbox 1416 1822 1419 1831; x_wconf 58' lang='grc'>’</span> 
     </span>
    </p>

    <p class='ocr_par' dir='ltr' id='par_1_4' title="bbox 189 1940 1359 3977">
     <span class='ocr_line' id='line_1_16' title="bbox 256 1940 1358 2032; baseline 0 -24"><span class='ocrx_word' id='word_1_117' title='bbox 256 1940 391 2009; x_wconf 87' lang='lat' dir='ltr'>Iterum</span> <span class='ocrx_word' id='word_1_118' title='bbox 414 1940 622 2025; x_wconf 90' lang='lat' dir='ltr'>doctrinam,</span> <span class='ocrx_word' id='word_1_119' title='bbox 642 1941 815 2032; x_wconf 88' lang='lat' dir='ltr'>Spiritum</span> <span class='ocrx_word' id='word_1_120' title='bbox 832 1941 998 2009; x_wconf 84' lang='lat' dir='ltr'>Sanctum</span> <span class='ocrx_word' id='word_1_121' title='bbox 1013 1940 1196 2029; x_wconf 87' lang='lat' dir='ltr'>procedere</span> <span class='ocrx_word' id='word_1_122' title='bbox 1213 1965 1236 2006; x_wconf 89' lang='lat' dir='ltr'>a</span> <span class='ocrx_word' id='word_1_123' title='bbox 1254 1942 1358 2008; x_wconf 81' lang='lat' dir='ltr'>Patre</span> 
     </span>
     <span class='ocr_line' id='line_1_17' title="bbox 194 2047 1357 2138; baseline 0.002 -24"><span class='ocrx_word' id='word_1_124' title='bbox 194 2061 226 2114; x_wconf 80' lang='lat' dir='ltr'>et</span> <span class='ocrx_word' id='word_1_125' title='bbox 251 2047 346 2114; x_wconf 80' lang='lat' dir='ltr'>Filio</span> <span class='ocrx_word' id='word_1_126' title='bbox 370 2053 435 2116; x_wconf 89' lang='lat' dir='ltr'>aut</span> <span class='ocrx_word' id='word_1_127' title='bbox 463 2073 484 2114; x_wconf 87' lang='lat' dir='ltr'>a</span> <span class='ocrx_word' id='word_1_128' title='bbox 506 2050 614 2116; x_wconf 82' lang='lat' dir='ltr'>Patre</span> <span class='ocrx_word' id='word_1_129' title='bbox 633 2073 697 2136; x_wconf 79' lang='lat' dir='ltr'>per</span> <span class='ocrx_word' id='word_1_130' title='bbox 713 2049 858 2132; x_wconf 80' lang='lat' dir='ltr'>Filiam,</span> <span class='ocrx_word' id='word_1_131' title='bbox 877 2070 964 2138; x_wconf 90' lang='lat' dir='ltr'>quae</span> <span class='ocrx_word' id='word_1_132' title='bbox 988 2070 1058 2115; x_wconf 91' lang='lat' dir='ltr'>una</span> <span class='ocrx_word' id='word_1_133' title='bbox 1074 2047 1213 2114; x_wconf 91' lang='lat' dir='ltr'>omnino</span> <span class='ocrx_word' id='word_1_134' title='bbox 1236 2054 1291 2117; x_wconf 83' lang='lat' dir='ltr'>est</span> <span class='ocrx_word' id='word_1_135' title='bbox 1307 2070 1357 2118; x_wconf 85' lang='lat' dir='ltr'>ea·</span> 
     </span>
     <span class='ocr_line' id='line_1_18' title="bbox 191 2155 1354 2249; baseline 0.002 -25"><span class='ocrx_word' id='word_1_136' title='bbox 191 2155 347 2247; x_wconf 89' lang='lat' dir='ltr'>demque,</span> <span class='ocrx_word' id='word_1_137' title='bbox 366 2155 575 2249; x_wconf 89' lang='lat' dir='ltr'>disquisitor</span> <span class='ocrx_word' id='word_1_138' title='bbox 594 2157 726 2227; x_wconf 86' lang='lat' dir='ltr'>dividit</span> <span class='ocrx_word' id='word_1_139' title='bbox 749 2157 785 2224; x_wconf 92' lang='lat' dir='ltr'>in</span> <span class='ocrx_word' id='word_1_140' title='bbox 803 2158 902 2244; x_wconf 86' lang='lat' dir='ltr'>duas;</span> <span class='ocrx_word' id='word_1_141' title='bbox 923 2157 1070 2246; x_wconf 85' lang='lat' dir='ltr'>benigne</span> <span class='ocrx_word' id='word_1_142' title='bbox 1087 2179 1169 2225; x_wconf 87' lang='lat' dir='ltr'>vcro</span> <span class='ocrx_word' id='word_1_143' title='bbox 1185 2157 1354 2242; x_wconf 90' lang='lat' dir='ltr'>concedit,</span> 
     </span>
     <span class='ocr_line' id='line_1_19' title="bbox 191 2264 1354 2354; baseline 0.003 -23"><span class='ocrx_word' id='word_1_144' title='bbox 191 2271 354 2332; x_wconf 79' lang='lat' dir='ltr'>neutram</span> <span class='ocrx_word' id='word_1_145' title='bbox 377 2287 420 2339; x_wconf 88' lang='lat' dir='ltr'>ex</span> <span class='ocrx_word' id='word_1_146' title='bbox 444 2265 581 2333; x_wconf 91' lang='lat' dir='ltr'>duabus</span> <span class='ocrx_word' id='word_1_147' title='bbox 604 2288 678 2333; x_wconf 87' lang='lat' dir='ltr'>csse</span> <span class='ocrx_word' id='word_1_148' title='bbox 703 2267 917 2334; x_wconf 77' lang='lat' dir='ltr'>haereticam.</span> <span class='ocrx_word' id='word_1_149' title='bbox 936 2265 1106 2334; x_wconf 84' lang='lat' dir='ltr'>Doctrina</span> <span class='ocrx_word' id='word_1_150' title='bbox 1122 2264 1238 2354; x_wconf 82' lang='lat' dir='ltr'>igitur</span> <span class='ocrx_word' id='word_1_151' title='bbox 1261 2289 1354 2336; x_wconf 87' lang='lat' dir='ltr'>revo-</span> 
     </span>
     <span class='ocr_line' id='line_1_20' title="bbox 189 2370 1359 2462; baseline 0.004 -24"><span class='ocrx_word' id='word_1_152' title='bbox 189 2370 275 2455; x_wconf 90' lang='lat' dir='ltr'>lata,</span> <span class='ocrx_word' id='word_1_153' title='bbox 294 2371 332 2438; x_wconf 92' lang='lat' dir='ltr'>in</span> <span class='ocrx_word' id='word_1_154' title='bbox 357 2371 553 2462; x_wconf 86' lang='lat' dir='ltr'>Scripturis</span> <span class='ocrx_word' id='word_1_155' title='bbox 578 2373 803 2462; x_wconf 84' lang='lat' dir='ltr'>consignata,</span> <span class='ocrx_word' id='word_1_156' title='bbox 829 2372 867 2440; x_wconf 90' lang='lat' dir='ltr'>in</span> <span class='ocrx_word' id='word_1_157' title='bbox 891 2371 1064 2440; x_wconf 89' lang='lat' dir='ltr'>catholica</span> <span class='ocrx_word' id='word_1_158' title='bbox 1089 2372 1281 2441; x_wconf 88' lang='lat' dir='ltr'>traditione</span> <span class='ocrx_word' id='word_1_159' title='bbox 1304 2398 1359 2443; x_wconf 86' lang='lat' dir='ltr'>ex-</span> 
     </span>
     <span class='ocr_line' id='line_1_21' title="bbox 190 2477 1357 2571; baseline 0.004 -25"><span class='ocrx_word' id='word_1_160' title='bbox 190 2479 334 2567; x_wconf 90' lang='lat' dir='ltr'>plicata,</span> <span class='ocrx_word' id='word_1_161' title='bbox 352 2488 474 2548; x_wconf 90' lang='lat' dir='ltr'>contra</span> <span class='ocrx_word' id='word_1_162' title='bbox 496 2481 667 2549; x_wconf 87' lang='lat' dir='ltr'>haeresim</span> <span class='ocrx_word' id='word_1_163' title='bbox 684 2481 876 2571; x_wconf 86' lang='lat' dir='ltr'>oppositam</span> <span class='ocrx_word' id='word_1_164' title='bbox 891 2502 1052 2569; x_wconf 87' lang='lat' dir='ltr'>expresse</span> <span class='ocrx_word' id='word_1_165' title='bbox 1067 2477 1223 2565; x_wconf 87' lang='lat' dir='ltr'>definita,</span> <span class='ocrx_word' id='word_1_166' title='bbox 1242 2481 1281 2548; x_wconf 92' lang='lat' dir='ltr'>in</span> <span class='ocrx_word' id='word_1_167' title='bbox 1305 2505 1357 2551; x_wconf 91' lang='lat' dir='ltr'>so·</span> 
     </span>
     <span class='ocr_line' id='line_1_22' title="bbox 189 2588 1357 2678; baseline 0.003 -22"><span class='ocrx_word' id='word_1_168' title='bbox 189 2588 296 2656; x_wconf 89' lang='lat' dir='ltr'>lemni</span> <span class='ocrx_word' id='word_1_169' title='bbox 319 2590 477 2678; x_wconf 85' lang='lat' dir='ltr'>symbolo</span> <span class='ocrx_word' id='word_1_170' title='bbox 500 2592 543 2658; x_wconf 93' lang='lat' dir='ltr'>ab</span> <span class='ocrx_word' id='word_1_171' title='bbox 566 2590 761 2661; x_wconf 88' lang='lat' dir='ltr'>universali</span> <span class='ocrx_word' id='word_1_172' title='bbox 776 2590 935 2660; x_wconf 84' lang='lat' dir='ltr'>Ecclesia</span> <span class='ocrx_word' id='word_1_173' title='bbox 958 2596 999 2658; x_wconf 90' lang='lat' dir='ltr'>ut</span> <span class='ocrx_word' id='word_1_174' title='bbox 1022 2589 1196 2658; x_wconf 80' lang='lat' dir='ltr'>articulus</span> <span class='ocrx_word' id='word_1_175' title='bbox 1218 2591 1301 2659; x_wconf 88' lang='lat' dir='ltr'>fidei</span> <span class='ocrx_word' id='word_1_176' title='bbox 1316 2593 1357 2660; x_wconf 92' lang='lat' dir='ltr'>ab</span> 
     </span>
     <span class='ocr_line' id='line_1_23' title="bbox 190 2695 1359 2788; baseline 0.004 -26"><span class='ocrx_word' id='word_1_177' title='bbox 190 2696 348 2762; x_wconf 86' lang='lat' dir='ltr'>omnibus</span> <span class='ocrx_word' id='word_1_178' title='bbox 371 2695 536 2786; x_wconf 86' lang='lat' dir='ltr'>explicite</span> <span class='ocrx_word' id='word_1_179' title='bbox 560 2699 752 2766; x_wconf 88' lang='lat' dir='ltr'>credendus</span> <span class='ocrx_word' id='word_1_180' title='bbox 774 2698 952 2788; x_wconf 88' lang='lat' dir='ltr'>proposita</span> <span class='ocrx_word' id='word_1_181' title='bbox 976 2718 1078 2785; x_wconf 91' lang='lat' dir='ltr'>penes</span> <span class='ocrx_word' id='word_1_182' title='bbox 1104 2697 1259 2765; x_wconf 88' lang='lat' dir='ltr'>homines</span> <span class='ocrx_word' id='word_1_183' title='bbox 1274 2698 1359 2767; x_wconf 87' lang='lat' dir='ltr'>istoc</span> 
     </span>
     <span class='ocr_line' id='line_1_24' title="bbox 190 2804 1357 2896; baseline 0.003 -25"><span class='ocrx_word' id='word_1_184' title='bbox 190 2804 384 2892; x_wconf 84' lang='lat' dir='ltr'>dogmatice</span> <span class='ocrx_word' id='word_1_185' title='bbox 419 2828 487 2872; x_wconf 91' lang='lat' dir='ltr'>non</span> <span class='ocrx_word' id='word_1_186' title='bbox 513 2804 638 2895; x_wconf 87' lang='lat' dir='ltr'>pluris</span> <span class='ocrx_word' id='word_1_187' title='bbox 662 2811 715 2873; x_wconf 86' lang='lat' dir='ltr'>est</span> <span class='ocrx_word' id='word_1_188' title='bbox 750 2826 852 2896; x_wconf 89' lang='lat' dir='ltr'>quam</span> <span class='ocrx_word' id='word_1_189' title='bbox 886 2827 985 2872; x_wconf 90' lang='lat' dir='ltr'>error</span> <span class='ocrx_word' id='word_1_190' title='bbox 1019 2805 1243 2894; x_wconf 87' lang='lat' dir='ltr'>eontrarius;</span> <span class='ocrx_word' id='word_1_191' title='bbox 1281 2830 1357 2875; x_wconf 89' lang='lat' dir='ltr'>nam</span> 
     </span>
     <span class='ocr_line' id='line_1_25' title="bbox 190 2911 1358 3005; baseline 0.004 -26"><span class='ocrx_word' id='word_1_192' title='bbox 190 2913 333 3001; x_wconf 85' lang='lat' dir='ltr'>negatio</span> <span class='ocrx_word' id='word_1_193' title='bbox 356 2911 530 2981; x_wconf 91' lang='lat' dir='ltr'>Photiana</span> <span class='ocrx_word' id='word_1_194' title='bbox 554 2913 719 2996; x_wconf 89' lang='lat' dir='ltr'>continuo</span> <span class='ocrx_word' id='word_1_195' title='bbox 742 2914 886 3003; x_wconf 87' lang='lat' dir='ltr'>ponitur</span> <span class='ocrx_word' id='word_1_196' title='bbox 909 2913 947 2980; x_wconf 91' lang='lat' dir='ltr'>in</span> <span class='ocrx_word' id='word_1_197' title='bbox 971 2913 1086 2980; x_wconf 89' lang='lat' dir='ltr'>eodem</span> <span class='ocrx_word' id='word_1_198' title='bbox 1111 2914 1245 2998; x_wconf 92' lang='lat' dir='ltr'>ordine,</span> <span class='ocrx_word' id='word_1_199' title='bbox 1271 2936 1358 3005; x_wconf 88' lang='lat' dir='ltr'>quae</span> 
     </span>
     <span class='ocr_line' id='line_1_26' title="bbox 190 3021 1357 3112; baseline 0.002 -24"><span class='ocrx_word' id='word_1_200' title='bbox 190 3026 226 3088; x_wconf 88' lang='lat' dir='ltr'>et</span> <span class='ocrx_word' id='word_1_201' title='bbox 261 3021 339 3109; x_wconf 88' lang='lat' dir='ltr'>ipsa</span> <span class='ocrx_word' id='word_1_202' title='bbox 373 3045 440 3086; x_wconf 79' lang='lat' dir='ltr'>non</span> <span class='ocrx_word' id='word_1_203' title='bbox 474 3023 521 3087; x_wconf 80' lang='lat' dir='ltr'>cit</span> <span class='ocrx_word' id='word_1_204' title='bbox 557 3023 739 3089; x_wconf 68' lang='lat' dir='ltr'>honerico.</span> <span class='ocrx_word' id='word_1_205' title='bbox 777 3023 885 3089; x_wconf 89' lang='lat' dir='ltr'>Porro</span> <span class='ocrx_word' id='word_1_206' title='bbox 909 3021 1123 3105; x_wconf 87' lang='lat' dir='ltr'>doctrinam,</span> <span class='ocrx_word' id='word_1_207' title='bbox 1159 3043 1247 3112; x_wconf 89' lang='lat' dir='ltr'>quae</span> <span class='ocrx_word' id='word_1_208' title='bbox 1282 3044 1357 3091; x_wconf 92' lang='lat' dir='ltr'>oon-</span> 
     </span>
     <span class='ocr_line' id='line_1_27' title="bbox 189 3128 1358 3218; baseline 0 -22"><span class='ocrx_word' id='word_1_209' title='bbox 189 3135 248 3196; x_wconf 90' lang='lat' dir='ltr'>tra</span> <span class='ocrx_word' id='word_1_210' title='bbox 269 3129 562 3218; x_wconf 88' lang='lat' dir='ltr'>praedicationem</span> <span class='ocrx_word' id='word_1_211' title='bbox 585 3137 621 3196; x_wconf 92' lang='lat' dir='ltr'>et</span> <span class='ocrx_word' id='word_1_212' title='bbox 643 3128 868 3200; x_wconf 87' lang='lat' dir='ltr'>traditionem</span> <span class='ocrx_word' id='word_1_213' title='bbox 892 3129 956 3212; x_wconf 91' lang='lat' dir='ltr'>ita,</span> <span class='ocrx_word' id='word_1_214' title='bbox 975 3135 1016 3197; x_wconf 92' lang='lat' dir='ltr'>ut</span> <span class='ocrx_word' id='word_1_215' title='bbox 1038 3128 1205 3213; x_wconf 82' lang='lat' dir='ltr'>diximus,</span> <span class='ocrx_word' id='word_1_216' title='bbox 1233 3130 1358 3198; x_wconf 86' lang='lat' dir='ltr'>consti·</span> 
     </span>
     <span class='ocr_line' id='line_1_28' title="bbox 189 3235 1357 3328; baseline 0.002 -25"><span class='ocrx_word' id='word_1_217' title='bbox 189 3241 303 3303; x_wconf 89' lang='lat' dir='ltr'>tutam</span> <span class='ocrx_word' id='word_1_218' title='bbox 323 3262 339 3295; x_wconf 92' lang='grc' dir='ltr'>ιι</span> <span class='ocrx_word' id='word_1_219' title='bbox 357 3235 471 3304; x_wconf 88' lang='lat' dir='ltr'>serius</span> <span class='ocrx_word' id='word_1_220' title='bbox 494 3236 634 3304; x_wconf 74' lang='lat' dir='ltr'>invecta</span> <span class='ocrx_word' id='word_1_221' title='bbox 652 3263 668 3298; x_wconf 82' lang='lat' dir='ltr'><em>n</em></span> <span class='ocrx_word' id='word_1_222' title='bbox 687 3237 905 3325; x_wconf 85' lang='lat' dir='ltr'>agnoscitur,</span> <span class='ocrx_word' id='word_1_223' title='bbox 924 3243 961 3304; x_wconf 90' lang='lat' dir='ltr'>et</span> <span class='ocrx_word' id='word_1_224' title='bbox 978 3263 993 3296; x_wconf 88' lang='grc' dir='ltr'>ιι</span> <span class='ocrx_word' id='word_1_225' title='bbox 1010 3236 1127 3304; x_wconf 87' lang='lat' dir='ltr'>aliena</span> <span class='ocrx_word' id='word_1_226' title='bbox 1142 3237 1185 3303; x_wconf 92' lang='lat' dir='ltr'>ab</span> <span class='ocrx_word' id='word_1_227' title='bbox 1209 3239 1357 3328; x_wconf 88' lang='lat' dir='ltr'>antiqua</span> 
     </span>
     <span class='ocr_line' id='line_1_29' title="bbox 190 3342 1356 3434; baseline 0.007 -25"><span class='ocrx_word' id='word_1_228' title='bbox 190 3342 369 3430; x_wconf 83' lang='lat' dir='ltr'>theologia</span> <span class='ocrx_word' id='word_1_229' title='bbox 392 3342 669 3428; x_wconf 59' lang='lat' dir='ltr'>ecclesiastica»</span> <span class='ocrx_word' id='word_1_230' title='bbox 688 3351 723 3412; x_wconf 87' lang='lat' dir='ltr'>et</span> <span class='ocrx_word' id='word_1_231' title='bbox 739 3346 849 3434; x_wconf 91' lang='lat' dir='ltr'>ipsam</span> <span class='ocrx_word' id='word_1_232' title='bbox 874 3347 1278 3416; x_wconf 84' lang='lat' dir='ltr'>consubstantialitatem</span> <span class='ocrx_word' id='word_1_233' title='bbox 1293 3350 1356 3417; x_wconf 90' lang='lat' dir='ltr'>Pa·</span> 
     </span>
     <span class='ocr_line' id='line_1_30' title="bbox 190 3449 1358 3548; baseline 0.008 -31"><span class='ocrx_word' id='word_1_234' title='bbox 190 3449 259 3518; x_wconf 88' lang='lat' dir='ltr'>tris</span> <span class='ocrx_word' id='word_1_235' title='bbox 283 3457 319 3518; x_wconf 88' lang='lat' dir='ltr'>et</span> <span class='ocrx_word' id='word_1_236' title='bbox 341 3450 429 3518; x_wconf 84' lang='lat' dir='ltr'>Filii</span> <span class='ocrx_word' id='word_1_237' title='bbox 452 3451 490 3517; x_wconf 95' lang='lat' dir='ltr'>in</span> <span class='ocrx_word' id='word_1_238' title='bbox 514 3451 701 3521; x_wconf 86' lang='lat' dir='ltr'>discrimen</span> <span class='ocrx_word' id='word_1_239' title='bbox 725 3454 909 3539; x_wconf 89' lang='lat' dir='ltr'>adducens,</span> <span class='ocrx_word' id='word_1_240' title='bbox 929 3455 1128 3523; x_wconf 87' lang='lat' dir='ltr'>huiuamodi</span> <span class='ocrx_word' id='word_1_241' title='bbox 1144 3457 1288 3548; x_wconf 89' lang='lat' dir='ltr'>iuquam</span> <span class='ocrx_word' id='word_1_242' title='bbox 1302 3459 1358 3526; x_wconf 92' lang='lat' dir='ltr'>do·</span> 
     </span>
     <span class='ocr_line' id='line_1_31' title="bbox 191 3560 1359 3648; baseline 0.003 -18"><span class='ocrx_word' id='word_1_243' title='bbox 191 3562 339 3630; x_wconf 80' lang='lat' dir='ltr'>utrinam</span> <span class='ocrx_word' id='word_1_244' title='bbox 362 3585 431 3630; x_wconf 92' lang='lat' dir='ltr'>non</span> <span class='ocrx_word' id='word_1_245' title='bbox 455 3585 529 3629; x_wconf 88' lang='lat' dir='ltr'>esse</span> <span class='ocrx_word' id='word_1_246' title='bbox 554 3560 778 3648; x_wconf 88' lang='lat' dir='ltr'>haereticam,</span> <span class='ocrx_word' id='word_1_247' title='bbox 798 3563 864 3631; x_wconf 85' lang='lat' dir='ltr'>soli</span> <span class='ocrx_word' id='word_1_248' title='bbox 882 3593 899 3627; x_wconf 86' lang='grc' dir='ltr'><strong><em>ι</em></strong></span> <span class='ocrx_word' id='word_1_249' title='bbox 918 3571 1131 3633; x_wconf 85' lang='lat' dir='ltr'>veteratores</span> <span class='ocrx_word' id='word_1_250' title='bbox 1148 3593 1165 3627; x_wconf 79' lang='lat' dir='ltr'><em>n</em></span> <span class='ocrx_word' id='word_1_251' title='bbox 1189 3567 1359 3634; x_wconf 87' lang='lat' dir='ltr'>affirmare</span> 
     </span>
     <span class='ocr_line' id='line_1_32' title="bbox 190 3671 1359 3762; baseline 0.004 -25"><span class='ocrx_word' id='word_1_252' title='bbox 190 3677 348 3758; x_wconf 87' lang='lat' dir='ltr'>possunt,</span> <span class='ocrx_word' id='word_1_253' title='bbox 367 3671 429 3761; x_wconf 91' lang='lat' dir='ltr'>qui</span> <span class='ocrx_word' id='word_1_254' title='bbox 445 3671 624 3740; x_wconf 84' lang='lat' dir='ltr'>subversis</span> <span class='ocrx_word' id='word_1_255' title='bbox 641 3673 798 3739; x_wconf 87' lang='lat' dir='ltr'>omnibus</span> <span class='ocrx_word' id='word_1_256' title='bbox 814 3672 1000 3762; x_wconf 85' lang='lat' dir='ltr'>principiis</span> <span class='ocrx_word' id='word_1_257' title='bbox 1019 3673 1205 3742; x_wconf 88' lang='lat' dir='ltr'>catholicis</span> <span class='ocrx_word' id='word_1_258' title='bbox 1223 3675 1359 3744; x_wconf 90' lang='lat' dir='ltr'>nullum</span> 
     </span>
     <span class='ocr_line' id='line_1_33' title="bbox 190 3778 1358 3865; baseline 0.006 -22"><span class='ocrx_word' id='word_1_259' title='bbox 190 3779 341 3865; x_wconf 90' lang='lat' dir='ltr'>amplius</span> <span class='ocrx_word' id='word_1_260' title='bbox 365 3802 517 3848; x_wconf 91' lang='lat' dir='ltr'>errorem</span> <span class='ocrx_word' id='word_1_261' title='bbox 540 3780 657 3847; x_wconf 92' lang='lat' dir='ltr'>dicent</span> <span class='ocrx_word' id='word_1_262' title='bbox 681 3778 910 3847; x_wconf 86' lang='lat' dir='ltr'>haereticum.</span> <span class='ocrx_word' id='word_1_263' title='bbox 926 3779 1028 3848; x_wconf 92' lang='lat' dir='ltr'>Nunc</span> <span class='ocrx_word' id='word_1_264' title='bbox 1052 3781 1191 3848; x_wconf 90' lang='lat' dir='ltr'>tandem</span> <span class='ocrx_word' id='word_1_265' title='bbox 1216 3790 1358 3850; x_wconf 86' lang='lat' dir='ltr'>ventum</span> 
     </span>
     <span class='ocr_line' id='line_1_34' title="bbox 190 3886 1158 3977; baseline 0 -24"><span class='ocrx_word' id='word_1_266' title='bbox 190 3890 244 3953; x_wconf 88' lang='lat' dir='ltr'>cst</span> <span class='ocrx_word' id='word_1_267' title='bbox 267 3886 309 3953; x_wconf 89' lang='lat' dir='ltr'>ad</span> <span class='ocrx_word' id='word_1_268' title='bbox 333 3886 576 3974; x_wconf 88' lang='lat' dir='ltr'>explicandum</span> <span class='ocrx_word' id='word_1_269' title='bbox 599 3888 726 3955; x_wconf 91' lang='lat' dir='ltr'>nodum</span> <span class='ocrx_word' id='word_1_270' title='bbox 751 3887 902 3969; x_wconf 85' lang='lat' dir='ltr'>fabulae,</span> <span class='ocrx_word' id='word_1_271' title='bbox 921 3891 963 3953; x_wconf 92' lang='lat' dir='ltr'>ut</span> <span class='ocrx_word' id='word_1_272' title='bbox 985 3886 1158 3977; x_wconf 86' lang='lat' dir='ltr'>sequitur.</span> 
     </span>
    </p>

    <p class='ocr_par' dir='ltr' id='par_1_5' title="bbox 256 3994 1356 4088">
     <span class='ocr_line' id='line_1_35' title="bbox 256 3994 1356 4088; baseline 0.007 -29"><span class='ocrx_word' id='word_1_273' title='bbox 256 3994 290 4058; x_wconf 79' lang='lat'>6⁰</span> <span class='ocrx_word' id='word_1_274' title='bbox 316 3994 509 4079; x_wconf 70' lang='lat' dir='ltr'>«Proinde,</span> <span class='ocrx_word' id='word_1_275' title='bbox 529 3995 657 4086; x_wconf 88' lang='lat' dir='ltr'>inquit,</span> <span class='ocrx_word' id='word_1_276' title='bbox 683 4017 745 4083; x_wconf 88' lang='lat' dir='ltr'>per</span> <span class='ocrx_word' id='word_1_277' title='bbox 770 3994 927 4063; x_wconf 91' lang='lat' dir='ltr'>additum</span> <span class='ocrx_word' id='word_1_278' title='bbox 964 3996 1106 4063; x_wconf 87' lang='lat' dir='ltr'>verbum</span> <span class='ocrx_word' id='word_1_279' title='bbox 1132 3996 1296 4088; x_wconf 79' lang='lat' dir='ltr'>Filioque</span> <span class='ocrx_word' id='word_1_280' title='bbox 1321 3998 1356 4067; x_wconf 91' lang='lat' dir='ltr'>in</span> 
     </span>
    </p>
   </div>
   <div class='ocr_carea' id='block_1_2' title="bbox 148 4171 1360 4513">
    <p class='ocr_par' dir='ltr' id='par_1_6' title="bbox 148 4171 1360 4513">
     <span class='ocr_line' id='line_1_36' title="bbox 262 4171 1360 4246; baseline 0.01 -21"><span class='ocrx_word' id='word_1_281' title='bbox 262 4171 305 4246; x_wconf 89' lang='lat'>(1)</span> <span class='ocrx_word' id='word_1_282' title='bbox 324 4175 376 4227; x_wconf 89' lang='lat' dir='ltr'>Die</span> <span class='ocrx_word' id='word_1_283' title='bbox 396 4178 509 4242; x_wconf 86' lang='lat' dir='ltr'>spaeter</span> <span class='ocrx_word' id='word_1_284' title='bbox 528 4177 758 4242; x_wconf 79' lang='lat' dir='ltr'>autgekcmmcne</span> <span class='ocrx_word' id='word_1_285' title='bbox 776 4178 878 4231; x_wconf 86' lang='lat' dir='ltr'>Lehro.</span> <span class='ocrx_word' id='word_1_286' title='bbox 1356 4230 1360 4236; x_wconf 87' lang='lat'><strong>.</strong></span> 
     </span>
     <span class='ocr_line' id='line_1_37' title="bbox 148 4260 1359 4334; baseline 0.008 -21"><span class='ocrx_word' id='word_1_287' title='bbox 148 4267 150 4271; x_wconf 84' lang='lat'>&#39;</span> <span class='ocrx_word' id='word_1_288' title='bbox 266 4260 306 4333; x_wconf 78' lang='lat'>(2)</span> <span class='ocrx_word' id='word_1_289' title='bbox 326 4262 401 4316; x_wconf 83' lang='lat' dir='ltr'>Ahar</span> <span class='ocrx_word' id='word_1_290' title='bbox 420 4265 502 4319; x_wconf 89' lang='lat' dir='ltr'>nicht</span> <span class='ocrx_word' id='word_1_291' title='bbox 520 4266 598 4319; x_wconf 87' lang='lat' dir='ltr'>bloss</span> <span class='ocrx_word' id='word_1_292' title='bbox 617 4268 670 4319; x_wconf 91' lang='lat' dir='ltr'>mit</span> <span class='ocrx_word' id='word_1_293' title='bbox 683 4267 878 4334; x_wconf 84' lang='lat' dir='ltr'>speculativen</span> <span class='ocrx_word' id='word_1_294' title='bbox 893 4265 1046 4320; x_wconf 85' lang='lat' dir='ltr'>Bcdcnken</span> <span class='ocrx_word' id='word_1_295' title='bbox 1066 4267 1162 4320; x_wconf 80' lang='lat' dir='ltr'>ditrlte</span> <span class='ocrx_word' id='word_1_296' title='bbox 1177 4267 1255 4322; x_wconf 85' lang='lat' dir='ltr'>diosc</span> <span class='ocrx_word' id='word_1_297' title='bbox 1268 4270 1359 4323; x_wconf 82' lang='lat' dir='ltr'>hchrc</span> 
     </span>
     <span class='ocr_line' id='line_1_38' title="bbox 194 4354 1359 4427; baseline 0.006 -22"><span class='ocrx_word' id='word_1_298' title='bbox 194 4369 229 4405; x_wconf 83' lang='lat' dir='ltr'>zu</span> <span class='ocrx_word' id='word_1_299' title='bbox 247 4354 382 4420; x_wconf 75' lang='lat' dir='ltr'>kampton</span> <span class='ocrx_word' id='word_1_300' title='bbox 398 4354 500 4422; x_wconf 87' lang='lat' dir='ltr'>haben,</span> <span class='ocrx_word' id='word_1_301' title='bbox 523 4356 645 4410; x_wconf 84' lang='lat' dir='ltr'>sondern</span> <span class='ocrx_word' id='word_1_302' title='bbox 664 4359 743 4410; x_wconf 85' lang='lat' dir='ltr'>mehr</span> <span class='ocrx_word' id='word_1_303' title='bbox 762 4357 832 4410; x_wconf 90' lang='lat' dir='ltr'>noch</span> <span class='ocrx_word' id='word_1_304' title='bbox 846 4358 899 4410; x_wconf 90' lang='lat' dir='ltr'>mit</span> <span class='ocrx_word' id='word_1_305' title='bbox 913 4357 974 4411; x_wconf 88' lang='lat' dir='ltr'>dem</span> <span class='ocrx_word' id='word_1_306' title='bbox 988 4358 1216 4427; x_wconf 87' lang='lat' dir='ltr'>traditicncllen,</span> <span class='ocrx_word' id='word_1_307' title='bbox 1238 4359 1305 4414; x_wconf 77' lang='lat' dir='ltr'>dass</span> <span class='ocrx_word' id='word_1_308' title='bbox 1319 4361 1359 4413; x_wconf 88' lang='lat' dir='ltr'>sic</span> 
     </span>
     <span class='ocr_line' id='line_1_39' title="bbox 195 4443 979 4513; baseline 0.006 -16"><span class='ocrx_word' id='word_1_309' title='bbox 195 4444 246 4497; x_wconf 87' lang='lat' dir='ltr'>dar</span> <span class='ocrx_word' id='word_1_310' title='bbox 265 4443 489 4499; x_wconf 79' lang='lat' dir='ltr'>altkirohliohen</span> <span class='ocrx_word' id='word_1_311' title='bbox 508 4445 660 4513; x_wconf 69' lang='lat' dir='ltr'>&#39;theologie</span> <span class='ocrx_word' id='word_1_312' title='bbox 679 4446 770 4501; x_wconf 88' lang='lat' dir='ltr'>lrcmd</span> <span class='ocrx_word' id='word_1_313' title='bbox 789 4463 916 4513; x_wconf 72' lang='lat' dir='ltr'>genesen</span> <span class='ocrx_word' id='word_1_314' title='bbox 929 4448 979 4502; x_wconf 82' lang='lat' dir='ltr'>ist.</span> 
     </span>
    </p>
   </div>
   <div class='ocr_carea' id='block_1_3' title="bbox 0 0 1564 4988">
    <p class='ocr_par' dir='ltr' id='par_1_7' title="bbox 0 0 1564 4988">
     <span class='ocr_line' id='line_1_40' title="bbox 0 0 1564 4988; baseline 0 0"><span class='ocrx_word' id='word_1_315' title='bbox 0 0 1564 4988; x_wconf 95' lang='lat' dir='ltr'> </span> 
     </span>
    </p>
   </div>
  </div>
 </body>
</html>
