3158 4980
718 334 755 350 -·
779 303 894 368 167-

218 405 405 478 Photianis
431 428 566 500 quoque
597 409 792 477 fatentibus
816 434 854 478 ec
878 410 953 498 ipso
978 407 1068 499 quod
1099 430 1246 497 persona
1269 407 1387 477 Patris

220 514 351 587 dicitur
376 524 512 584 creator
536 517 760 606 omnipotens,
787 516 1004 604 intelligitur
1029 516 1133 583 Pater
1156 525 1191 582 et
1214 516 1329 583 Filius
1353 523 1389 584 et

223 619 377 715 Spiritus
401 623 552 692 Sanctus
577 647 667 692 uuus
692 632 828 693 creator
852 625 1079 713 omnipotens;
1105 623 1220 690 eadem
1247 646 1389 713 prorsus

222 733 417 802 necessaria
440 734 681 802 consecutione
716 732 935 821 intelligitur
958 731 1065 799 Pater
1088 739 1124 799 et
1146 731 1264 799 Filius
1299 754 1390 799 unus

218 844 377 930 spirator
404 840 441 908 in
470 841 641 929 relatione
665 842 708 909 ad
733 839 906 930 Spiritum
938 837 1125 920 Sanctum,
1152 840 1287 929 quoties
1322 861 1391 906 non

212 948 332 1017 solum
355 947 570 1034 Mansuetus,
596 949 656 1017 sed
682 947 898 1038 scripturae,
918 947 1088 1036 symbola,
1108 946 1242 1034 Patres,
1262 968 1394 1014 ornnes-

210 1079 287 1149 que
311 1055 477 1124 catholici
501 1057 659 1124 doctores
691 1057 895 1146 praedicant
919 1055 1091 1146 Spiritum
1116 1052 1284 1123 Sanctum
1314 1077 1393 1145 pro·

201 1164 344 1233 cedere
368 1186 389 1233 a
414 1185 558 1252 persona
581 1161 711 1233 Patris.
1478 1145 1483 1157 ’

289 1271 440 1353 Quinam
464 1271 534 1339 iam
557 1276 737 1340 remanent
763 1270 918 1339 Macerio
941 1295 982 1340 ex
1006 1271 1174 1339 Patribus
1197 1271 1391 1340 occidente·

195 1377 315 1451 libus
339 1395 486 1472 qrenrtne
509 1403 590 1447 sune
613 1381 745 1463 clareia,
764 1403 848 1473 quos
865 1403 972 1450 ausus
995 1390 1050 1449 est
1065 1379 1274 1449 calumniari
1294 1379 1395 1449 velut

200 1499 412 1557 assertores
435 1487 628 1557 Photianae
653 1489 861 1558 haereseos?
885 1485 1051 1556 Nominat
1068 1488 1182 1556 adhuc
1207 1488 1394 1556 Rusticum

216 1594 407 1665 diaconum
428 1596 691 1669 ‚schismaticum
708 1595 888 1665 Ecclesiae
911 1597 1097 1682 Romanae,
1117 1604 1153 1666 et
1168 1598 1396 1689 Anastasium

215 1704 535 1774 Bibliothecarium
559 1704 685 1773 Photio
709 1705 946 1794 synchronum
962 1715 1067 1797 atque
1090 1706 1250 1774 amicitia
1273 1706 1396 1774 devin-

225 1821 331 1883 ctum.
357 1811 396 1880 Si
421 1836 476 1882 res
500 1814 694 1902 dogmatice
718 1819 907 1903 spectetur,
935 1838 1110 1905 possemus
1127 1835 1208 1882 sano
1225 1839 1303 1883 cum
1320 1814 1397 1903 plu·

226 1919 326 1988 ribus
348 1920 522 2010 theologis
546 1920 730 1990 catholicis
749 1922 824 1989 sine
840 1922 1023 2011 dispendio
1047 1923 1243 2006 concedere,
1263 1928 1399 1989 utrum·

229 2054 292 2123 que
317 2031 410 2099 hunc
444 2032 649 2122 scriptorem
684 2031 878 2099 doctrinam
906 2031 1114 2100 catholicam
1145 2055 1212 2100 non
1238 2031 1399 2101 habuisse

228 2141 315 2208 satio
339 2146 565 2232 perspectam,
584 2164 661 2209 oum
679 2140 847 2209 Rusticus
864 2140 972 2228 trium
987 2139 1221 2230 capitulorum
1239 2140 1400 2208 defensor

229 2246 322 2316 diota
343 2248 468 2316 saltem
502 2248 667 2337 ambigua
701 2249 756 2316 sui
792 2248 931 2316 clientis
957 2246 1165 2315 Theodoreti
1197 2248 1397 2336 respiceret,

228 2355 442 2424 Anastasius
478 2358 569 2425 forte
593 2357 849 2425 excusationem
880 2356 1033 2447 aliquam
1058 2355 1178 2423 Photii
1205 2356 1273 2423 sibi
1297 2352 1401 2435 amici

228 2469 393 2534 tentaret.
420 2466 597 2548 Quomodo
622 2488 703 2534 vero
727 2464 898 2533 Rusticus
916 2465 1025 2533 circa
1050 2465 1185 2534 modum
1218 2466 1403 2532 dumtaxat
1524 2544 1529 2555 Ι

228 2571 427 2640 subtilioris
450 2571 709 2661 intelligentiae
724 2594 851 2661 anceps
866 2572 1032 2658 haesisse,
1049 2572 1263 2640 Anastasius
1281 2571 1399 2640 eadem

228 2702 267 2753 ao
291 2678 513 2748 elicuimus
537 2682 579 2749 de
603 2682 821 2771 processione
845 2678 1004 2770 Spiritus
1021 2705 1041 2747 n
1060 2683 1167 2749 Patre
1188 2705 1250 2769 per
1266 2679 1401 2747 Filiam

227 2785 359 2854 dixisse
384 2788 546 2856 censendi
582 2788 678 2867 sint,
704 2787 848 2880 exposui
881 2789 919 2855 in
944 2787 1012 2857 Th.
1035 2788 1202 2893 XXXVI.
1228 2787 1339 2875 n.11;
1366 2792 1403 2855 et

228 2892 649 2967 summan.
714 2941 721 2946 -
