3120 4988
580 301 617 316 ..
640 269 697 333 165
718 301 756 317 -

80 374 148 443 illo
171 376 398 454 fundamento
421 375 619 445 tritheitico
635 376 866 466 separationis
889 395 1128 462 personarum,
1148 376 1183 439 et
1199 371 1253 440 vi-

81 483 238 566 deamus,
258 485 344 576 quid
368 486 404 551 in
429 484 494 552 illa
515 484 674 572 legitime
697 493 788 551 esset
812 483 1047 550 inferendum.
1065 480 1116 565 Si,
1136 480 1253 570 inquit

80 589 286 677 Macarius,
313 591 471 682 Spiritus
494 574 650 682 procedit
674 615 694 658 a
719 614 864 681 persona
889 592 1022 674 Patris,
1049 598 1084 658 et
1108 609 1254 678 persona

82 699 171 769 haec
194 711 247 770 est
270 700 439 769 distincta
462 723 483 768 a
507 723 654 790 persona
676 700 777 786 Filia
796 699 952 790 Spiritus
970 723 1036 766 non
1060 698 1255 787 procedite

81 806 200 893 Filio,
226 831 327 878 secus
361 810 466 879 Pater
490 819 526 878 et
548 809 666 879 Filius
689 832 757 877 non
780 816 896 877 essent
930 829 1096 896 personae
1130 807 1257 873 distin<

85 927 162 985 ctae
186 916 252 1005 (l),
267 917 441 988 Nimirum
466 918 738 988 concludendum
764 918 816 986 ita
836 920 938 985 foret:
958 918 989 984 si
1007 916 1163 1006 Spiritus
1180 937 1257 1003 pro·

85 1026 180 1119 cedit
204 1049 225 1105 a,
249 1048 394 1116 persona
422 1027 561 1110 Patris,
588 1026 786 1096 formaliter
809 1040 847 1091 at
870 1027 978 1094 Potor
1002 1040 1075 1105 cot,
1100 1023 1259 1113 Spiritus

84 1143 278 1224 generatur
300 1141 336 1202 et
358 1141 413 1203 est
434 1135 564 1222 Filius;
590 1157 667 1203 cum
691 1144 808 1202 autem
832 1136 937 1203 Pater
962 1135 999 1199 in
1025 1133 1178 1221 formali
1200 1155 1259 1196 ro·

86 1244 182 1308 tione
205 1242 327 1311 Putris
351 1244 396 1312 ad
421 1267 528 1311 unum
553 1249 691 1312 tantum
714 1244 846 1312 Filium
871 1244 1059 1325 referatur,
1082 1239 1200 1308 Filius
1223 1245 1260 1306 et

86 1347 248 1439 Spiritus
273 1375 341 1419 non
363 1361 448 1420 sunt
472 1349 637 1441 personae
662 1352 864 1434 distinctae,
880 1351 938 1419 sed
955 1357 1009 1418 est
1027 1371 1096 1417 unc
1114 1367 1260 1438 persona

85 1456 211 1546 genitu
235 1481 256 1527 a
280 1460 397 1544 Patre,
416 1481 504 1552 quae
519 1461 654 1550 duplici
671 1461 806 1529 nomine
822 1460 920 1528 modo
934 1459 1051 1527 Filius
1068 1458 1166 1525 modo
1183 1455 1261 1544 Spi-

85 1566 184 1636 ritus
206 1567 420 1649 nominatur.
447 1567 486 1637 Si
509 1591 591 1638 vero
615 1568 772 1658 Spiritus
796 1592 863 1636 non
888 1579 1096 1656 generatur,
1121 1589 1160 1633 eo
1184 1567 1261 1655 ipso

85 1696 158 1743 nou
182 1675 340 1764 procedit
356 1700 377 1743 a
393 1677 505 1765 prima
529 1699 685 1766 persona,
706 1691 744 1742 at
768 1678 848 1744 tneo
859 1676 1065 1764 formaliter
1089 1677 1197 1743 Potor
1213 1689 1262 1741 est

24 1789 35 1796 ”
87 1781 128 1849 in
151 1783 325 1852 relatione
348 1784 393 1853 ad
416 1782 561 1871 Filium
580 1789 680 1875 atqui
697 1784 763 1854 hac
787 1785 861 1853 sola
884 1786 1054 1853 relatione
1070 1794 1106 1853 et
1122 1783 1264 1852 formali

87 1888 230 1961 ratione
252 1889 385 1975 Patris,
396 1891 513 1980 prima
538 1914 683 1980 persona
699 1893 804 1961 Pater
820 1893 1058 1982 distinguitur
1074 1915 1096 1958 a
1112 1892 1264 1960 secunda

90 2018 240 2086 persona
262 1997 370 2086 Filio;
384 2021 467 2087 argo
493 1997 650 2088 Spiritus
674 2000 782 2069 tertia
806 2023 953 2090 persona
976 2025 1042 2069 nou
1068 2001 1264 2090 procedite

92 2105 208 2193 prima
230 2128 390 2194 persona,
410 2117 583 2198 quatenus
607 2109 692 2178 haec
715 2108 952 2197 distinguitur
976 2134 996 2177 a
1020 2110 1172 2178 secunda
1189 2133 1264 2199 per-

95 2235 192 2300 sona,
218 2216 278 2284 sed
302 2216 438 2284 omnino
462 2227 635 2306 quatenus
659 2219 765 2287 Pater
787 2225 823 2286 et
838 2218 956 2287 Filius
972 2243 1079 2288 unum
1096 2229 1180 2288 sunt
1197 2220 1265 2309 spi·

99 2320 245 2408 ratione,
271 2346 340 2414 qua
361 2347 431 2392 non
454 2325 499 2393 ad
523 2347 559 2392 se
584 2324 746 2408 invicem,
773 2326 832 2395 sed
857 2332 898 2394 ut
921 2350 1029 2394 unum
1053 2326 1264 2416 principium

103 2429 145 2498 ad
165 2434 308 2502 tertiam
332 2455 513 2523 personam
539 2432 713 2522 Spiritum
738 2432 906 2502 Sanctum
930 2437 1147 2504 reliruntur.

169 2541 265 2622 uuor
290 2563 374 2632 ergo
397 2543 500 2611 aiunt
522 2539 700 2609 Photiani:
722 2543 783 2610 usi
802 2541 959 2632 Spiritus
975 2543 1104 2612 cicuta
1120 2567 1267 2634 persona

110 2639 216 2714 Patris
239 2648 299 2716 ita·
315 2656 351 2718 et
373 2671 394 2715 a
418 2671 564 2738 persona
591 2649 680 2720 Filii
703 2652 924 2739 procederat,
951 2675 1115 2742 personae
1148 2653 1268 2720 Patris

115 2759 146 2818 et
164 2753 245 2829 Filii
267 2779 336 2825 non
350 2763 467 2828 essent
487 2757 689 2842 distinctae,
706 2786 722 2822 o
741 2761 896 2829 continet
912 2768 987 2828 tum
1005 2762 1268 2829 fraudulentam

116 2853 413 2935 dissimulationem
436 2888 476 2935 ac
500 2866 731 2935 detorsionem
752 2869 930 2937 doctrinae
955 2870 1166 2954 catholicae,
1193 2873 1268 2938 tum

112 2971 269 3047 puerilem
292 2973 518 3062 nugationem
534 2981 656 3042 contra
679 2976 900 3064 disciplinam
925 2977 1087 3066 logicam.
1112 2976 1269 3046 Primum

110 3074 195 3145 euim
207 3091 419 3172 supponunt,
431 3105 451 3149 a
464 3084 649 3152 catholicis
663 3085 733 3153 dici
750 3084 922 3174 Spiritum
937 3087 1120 3176 procedere
1133 3107 1154 3151 a
1166 3086 1270 3153 Patre

104 3181 134 3244 ll
155 3183 253 3259 Filio
276 3192 342 3260 sub
364 3191 505 3259 formali
529 3192 689 3277 ratione,
715 3215 784 3284 qua
808 3195 897 3262 duae
922 3217 1087 3284 personae
1121 3195 1212 3262 inter
1237 3215 1272 3261 se

96 3279 390 3391 distinguuntur,
416 3324 492 3370 cnm
518 3309 640 3370 contra
657 3304 879 3392 profiteamur
896 3303 1068 3392 Spiritum
1090 3303 1272 3393 procedere

89 3397 161 3463 ⁸¹11>
189 3407 336 3478 formali
360 3409 498 3477 ratione
520 3409 739 3498 spirationis,
759 3432 827 3500 qua
852 3410 956 3478 Pater
980 3420 1016 3478 et
1038 3410 1155 3477 Filius
1179 3411 1272 3477 inter

83 3512 115 3562 ΒΘ
151 3527 274 3587 Unum
304 3523 407 3601 sunt,
434 3525 471 3585 ct
497 3522 539 3584 ut
568 3541 675 3586 unum
707 3517 917 3608 principium
941 3540 961 3584 a
986 3540 1133 3607 persona
1167 3516 1274 3585 tertia

77 3617 311 3696 Procedente
347 3625 632 3713 distinguuntur.
657 3626 815 3714 Nugetio
839 3649 921 3694 vero
950 3626 1094 3693 evidens
1125 3632 1160 3692 et
1183 3645 1274 3691 nova

76 3701 262 3805 haerasis
285 3733 323 3803 iu
345 3755 386 3802 eo
409 3741 474 3818 est,
497 3733 587 3825 quod
611 3734 745 3818 dicunt,
772 3742 809 3803 et
831 3756 892 3825 pro
917 3732 1089 3801 Photiano
1114 3733 1274 3821 dogmate

75 3831 148 3937 “PR
156 3849 283 3912 untur
307 3841 443 3910 dicere:
469 3840 500 3907 si
523 3863 689 3930 personae
713 3841 830 3908 Patris
854 3845 890 3907 et
912 3840 999 3907 Filii
1030 3839 1123 3907 inter
1148 3862 1183 3907 se
1206 3861 1275 3907 non

73 3919 383 4040 metinguuniur
405 3949 608 4040 spiratione,
634 3948 854 4016 nullomodo
877 3947 1162 4035 distinguuntur.

150 4045 346 4136 Quamvis
370 4058 489 4127 virtus
513 4058 691 4147 operatrix
727 4055 770 4124 ad
795 4061 894 4122 extra
919 4060 959 4122 ut
982 4055 1194 4122 attributum
1218 4055 1276 4123 ab·

159 4210 228 4294 (l)
245 4227 275 4280 Si
294 4227 364 4280 c'est
382 4225 415 4279 de
435 4227 464 4278 la
483 4240 623 4293 personne
642 4240 676 4277 ou
695 4221 728 4275 de
749 4223 925 4289 l'hypostase
945 4221 980 4273 du
999 4223 1070 4274 Pero
1091 4221 1200 4274 tternei
1224 4234 1279 4288 qua

79 4292 234 4366 licead,
250 4318 277 4370 le
296 4316 609 4383 s.usprit...1’usprit
628 4329 662 4366 ne
680 4313 799 4379 procede
818 4312 889 4365 donc
908 4326 957 4377 pas
978 4310 1015 4362 dn
1028 4311 1100 4380 llils5
1119 4311 1278 4366 nutremeut

80 4366 125 4475 ¹ff⁸
150 4385 346 4482 hypostases
365 4404 404 4461 du
419 4404 490 4462 rin
509 4412 539 4462 et
558 4405 595 4461 du
611 4405 674 4462 ruo
692 4404 820 4459 sernient
837 4399 1017 4458 contendum.
