3120 4988
568 297 571 300 ’
684 319 726 334 --
743 286 808 353 218
824 318 867 332 -

191 391 320 475 surda,
347 396 382 458 et
404 412 472 458 non
496 387 607 457 solum
632 388 838 478 mysterium
863 385 925 454 SS.
945 386 1135 455 Trinitatis
1166 383 1229 454 sed
1255 383 1369 451 etiam

189 497 335 565 infinita
358 497 525 585 perfectio
549 494 689 564 divinae
707 495 877 564 essentiae
894 496 1129 564 subvertitur.
1147 492 1238 565 Nam
1258 497 1299 577 α)
1316 513 1369 560 es·

190 605 304 673 sentia
327 603 385 673 cui
408 608 523 694 potest
538 603 724 692 superaddi
742 599 862 694 aliqua
879 603 1049 692 perfectio
1062 602 1209 671 realiter
1234 601 1366 668 distin-

189 718 258 796 cta,
284 711 464 780 evidenter
487 734 555 778 non
579 719 634 778 est
657 711 809 780 infinita.
838 711 872 797 β)
886 710 924 778 Si
948 711 1096 802 spiratio
1120 708 1366 797 distinguitur

190 818 334 887 realiter
357 821 399 886 ab
423 820 594 904 essentia,
620 842 687 887 nou
713 820 828 887 minus
852 820 895 886 ab
919 821 1035 888 eadem
1059 818 1215 888 essentia
1233 816 1367 886 distin-

191 936 319 1017 guetur
342 928 538 1018 paternitas
561 935 597 996 et
620 926 765 1014 filiati03
792 927 882 995 unde
907 950 983 997 cum
1007 928 1204 1018 paternitas
1227 925 1366 994 nonsit

168 1035 228 1134 xiu
250 1034 366 1121 Filio;
393 1035 519 1103 filiatio
542 1058 610 1103 nou
636 1036 684 1103 sit
707 1036 743 1102 in
768 1036 894 1121 Patre3
920 1036 958 1102 in
983 1035 1122 1124 Spiritu
1145 1035 1279 1104 Sancto
1303 1054 1365 1102 nec

192 1145 389 1235 paternitas
411 1145 460 1213 sit
484 1167 545 1212 nec
569 1143 716 1232 filiatio;
743 1145 968 1236 consequitur
983 1144 1021 1212 iu
1038 1144 1192 1234 singulis
1205 1143 1365 1232 personis

192 1275 267 1321 esse
289 1243 443 1343 aliquam
466 1253 726 1342 perfectionem,
752 1274 840 1344 quae
863 1275 930 1320 nou
954 1253 1002 1320 sit
1025 1253 1062 1319 in
1086 1252 1181 1338 aliis,
1207 1252 1361 1344 adeoque

193 1383 357 1451 personas
381 1382 448 1427 nou
472 1383 545 1430 esse
569 1360 899 1430 consubstantiales.
925 1365 961 1455 γ)
977 1361 1068 1430 Hinc
1093 1367 1167 1429 tres
1192 1380 1361 1450 personae

194 1473 309 1534 essent
332 1465 412 1555 plus
436 1468 682 1558 perfectionis,
709 1490 812 1560 quam
836 1466 1009 1556 singulae;
1036 1483 1098 1537 nec
1123 1465 1290 1556 singulae
1312 1489 1360 1535 es·

193 1582 273 1645 sent
296 1575 389 1642 Deus
420 1574 595 1644 infinitus.
622 1565 656 1660 d)
680 1577 764 1644 Cum
795 1575 830 1641 in
855 1575 926 1642 Deo
950 1574 986 1642 id
1011 1575 1101 1666 quod
1136 1574 1285 1642 realiter
1308 1572 1358 1641 di·

193 1682 360 1753 stinctum
383 1689 449 1768 est,
468 1683 662 1751 necessario
682 1684 732 1750 sit
755 1682 927 1752 distincta
950 1704 1108 1771 persona;
1134 1704 1177 1750 ex
1202 1681 1361 1771 pulchar·

193 1792 282 1859 rima
297 1789 362 1858 hac
379 1790 539 1859 doctrina
556 1791 728 1859 Photiana
740 1788 942 1858 habebimus
958 1795 1110 1880 quatuor
1125 1799 1189 1856 aut
1206 1789 1361 1881 quinque

193 1921 369 1991 personas,
395 1900 581 1968 essentiam
604 1899 785 1982 nimirum,
811 1895 956 1966 realiter
980 1896 1185 1965 distinctam
1210 1896 1361 1986 paterni·

194 2017 313 2094 tatem,
340 2008 586 2098 spirationem,
612 2007 835 2091 filiationem,
861 2005 1131 2095 processionem,
1157 2027 1219 2074 seu
1255 2005 1363 2075 Deum

192 2116 353 2185 absolute
377 2121 592 2205 spectatum,
618 2113 741 2182 deinde
764 2114 903 2181 Patrem
928 2110 1055 2195 alium,
1080 2111 1191 2179 alium
1215 2111 1362 2200 spirato-

195 2245 278 2308 rem,
304 2245 344 2290 ao
368 2221 515 2314 denique
526 2220 659 2309 Filium
671 2227 706 2288 et
721 2218 892 2308 Spiritum
908 2218 1087 2289 Sanctum.
1105 2218 1231 2308 Apage
1247 2241 1363 2308 ungas

195 2330 240 2397 ad
262 2329 514 2397 haereticorum
539 2327 703 2416 ingenia!
1256 2314 1259 2320 ’

261 2440 292 2524 e)
316 2437 492 2505 Postremo
508 2437 736 2527 conqueritur
759 2436 995 2519 adversarius,
1011 2437 1048 2503 in
1059 2435 1228 2504 'doctrina
1245 2433 1364 2502 catho-

195 2544 265 2612 lica
298 2549 437 2632 praeter
469 2542 682 2610 Trinitatem
711 2541 832 2610 induci
858 2542 1180 2631 «duplicitatem»
1206 2541 1363 2632 Namque

195 2653 266 2720 ait:
284 2675 361 2721 cum
379 2650 542 2720 catholici
560 2651 681 2720 dicunt
697 2651 837 2718 Patrem
855 2659 890 2718 et
905 2650 1038 2720 Filium
1055 2673 1128 2718 esse
1146 2673 1254 2717 uuum
1271 2648 1365 2739 prin·

195 2762 323 2849 cipium
339 2758 505 2850 ⁴Spiritus
529 2758 663 2845 Sancti,
687 2757 860 2848 Spiritum
885 2758 1124 2849 procedentem
1148 2781 1169 2826 a
1192 2757 1365 2848 principio

195 2872 417 2939 constituunt
442 2875 515 2935 out
538 2867 757 2936 secundumn
783 2866 847 2954 (l).
1380 2951 1385 2964 ι

260 2974 390 3044 Fateor
413 2998 464 3043 me
486 2997 554 3042 non
579 2973 792 3063 intelligere,
808 2973 893 3066 quid
916 2973 1118 3064 disputator
1134 2975 1231 3045 hisce
1250 2977 1366 3047 verbis

197 3072 301 3151 seusu
326 3083 447 3153 vacuis
471 3082 538 3149 sibi
561 3080 662 3150 velit.
688 3081 851 3150 Fortasse
872 3080 1122 3168 calumniatur,
1142 3084 1365 3154 acatholicis

199 3188 367 3258 constitui
388 3188 595 3277 principium
618 3188 773 3276 Spiritus
798 3188 920 3258 Sancti
943 3190 1148 3259 distinctum
1172 3213 1194 3257 a
1216 3213 1364 3280 persona

198 3297 316 3367 Patris
340 3302 376 3366 et
397 3295 496 3381 Filii,
520 3302 625 3388 atque
648 3297 700 3365 ita
721 3294 892 3387 Spiritum
915 3300 1098 3390 procedere
1122 3322 1189 3366 non
1215 3322 1237 3367 a
1260 3300 1365 3369 Patre

198 3407 371 3498 Filioque,
397 3407 456 3475 sed
480 3427 501 3473 a
524 3405 696 3495 principio
719 3406 843 3502 altero;
862 3405 925 3475 hoc
949 3407 1039 3475 enim
1057 3408 1199 3485 uidetur
1219 3409 1364 3478 innuere

198 3513 350 3583 absurda
373 3512 438 3582 illa
459 3512 610 3602 phrasis,
632 3515 766 3582 «Pater
789 3520 825 3581 et
839 3513 955 3582 Filius
966 3515 1127 3604 formant
1144 3538 1254 3583 uuum
1273 3518 1363 3606 prin·

198 3622 370 3712 cipium.n
397 3619 464 3690 Sed
489 3621 520 3688 si
544 3619 612 3689 huo
634 3621 749 3689 tendit
773 3621 999 3707 mendacium,
1025 3624 1183 3691 uoniam
1210 3624 1362 3694 Trinita-

197 3738 267 3800 tem
290 3739 326 3798 ct
349 3729 564 3811 dualitatem,
591 3736 632 3798 ut
655 3730 729 3819 ipse
753 3730 816 3815 ait,
836 3730 893 3799 sed
917 3731 1124 3820 simpliciter
1147 3736 1361 3823 quaternita-

198 3853 262 3905 tem
286 3836 405 3907 induci
430 3837 642 3906 calumniari
677 3837 864 3906 debuisset.
892 3839 1050 3908 Ceterum
1076 3864 1132 3908 res
1162 3850 1216 3910 est
1244 3865 1306 3930 per
1329 3863 1360 3909 se
1416 3876 1422 3903 .·

196 3947 358 4030 evidens,
385 3954 422 4014 ct
444 3946 513 4012 iam
545 3945 582 4012 in
615 3944 787 4015 Tractatu
809 3951 929 4013 nostro
955 3946 1023 4015 rh.
1042 3947 1212 4017 XXXIV.
1232 3973 1267 4038 p.
1285 3950 1355 4016 585.
1398 4002 1422 4016 .

268 4124 309 4201 (1)
329 4127 370 4182 Ils
389 4127 584 4182 introduisent
603 4128 632 4182 la
651 4127 799 4195 duplicitd,
814 4140 862 4181 car
880 4126 919 4180 ils
939 4130 1108 4194 enseignont
1126 4145 1180 4197 que
1199 4130 1226 4182 lo
1245 4129 1422 4184 Pereat-i

198 4217 226 4274 lc
238 4217 300 4271 rus
319 4218 442 4271 forment
460 4216 527 4290 (sic)
545 4234 583 4270 uu
601 4219 730 4285 principe
750 4235 801 4286 par
818 4223 936 4285 rapport
955 4235 991 4271 au
1011 4219 1216 4288 Salat-Esprit,
1238 4237 1274 4273 cu
1298 4224 1357 4274 tau*
1383 4249 1422 4281 4

201 4324 254 4379 que
274 4322 323 4360 son
342 4309 480 4376 priucipc;
497 4310 572 4362 mais
600 4324 652 4374 que
679 4310 706 4361 le
734 4307 936 4374 Satur-aspra
963 4325 1016 4376 par
1045 4314 1162 4377 rapport
1189 4313 1206 4364 t
1232 4311 1306 4378 unx,
1323 4322 1422 4372 cr<

201 4398 289 4454 torua
307 4408 344 4451 uu
363 4395 475 4464 second,
490 4411 525 4452 cu
544 4400 609 4452 taut
628 4410 679 4466 que
699 4396 853 4464 procedant
872 4395 905 4451 dc
923 4412 954 4451 ce
973 4399 1112 4470 principe.
