3120 4988
680 278 718 291 -
738 240 797 309 299
819 278 855 292 -

189 350 316 419 habeat
338 349 631 419 testificationem.
660 351 764 422 Nunc
787 373 869 422 vero
904 351 989 420 haec
1012 352 1139 424 iterum
1168 357 1355 446 repetenda

186 481 253 526 non
277 466 371 544 sunt,
391 458 451 528 sed
472 460 690 529 'solummodo
714 463 907 531 sententiae
923 461 1177 531 Reinkensiani
1201 463 1357 553 theologi

186 568 340 637 interae
365 569 604 638 conferendae.
624 569 778 639 Primum
802 571 962 656 affirmat,
980 573 1232 661 processionem
1257 573 1355 641 dum·

186 681 287 744 taxat
310 675 464 759 aPatre,
484 700 552 745 non
569 687 683 747 autem
707 681 958 769 processionem
976 703 1110 772 quoque
1128 705 1149 746 a
1176 681 1272 749 Filia
1295 705 1356 751 seu

187 807 209 848 a
232 784 339 850 Patre
358 807 421 872 per
446 785 579 852 Filiam
603 789 778 856 contineri
803 790 840 857 in
860 787 1051 857 traditione
1066 788 1168 877 fidei,
1185 794 1259 856 tum
1284 790 1356 858 vel·

187 897 229 960 ut
259 893 469 981 perterritus
500 893 695 963 universali
731 896 955 965 consensione
979 895 1090 964 totius
1125 894 1356 986 antiquitatis

189 998 397 1082 catholicae,
428 1022 530 1092 quam
554 1001 700 1090 ipsemet
735 1004 771 1070 in
796 1003 1042 1094 disquisitione
1074 1024 1138 1071 sua
1168 1023 1356 1092 agnoscere

189 1115 329 1177 coactus
354 1108 483 1192 fuerat,
501 1111 667 1178 continuo
690 1111 822 1196 subdit,
842 1136 948 1203 aeque
972 1113 1170 1177 unanimem
1190 1134 1258 1177 ease
1287 1125 1358 1176 tra-

189 1216 354 1283 ditionem
390 1219 613 1308 theoloqiaam
636 1219 677 1288 de
701 1220 921 1310 processione
946 1244 967 1285 a
992 1221 1099 1288 Patra
1118 1242 1182 1307 per
1207 1219 1354 1286 Filium.

189 1325 352 1394 Iubemur
375 1348 458 1417 ergo
483 1327 644 1412 credere,
678 1331 715 1394 in
741 1326 931 1398 traditione
955 1328 1043 1417 fidei
1066 1351 1134 1396 non
1169 1326 1355 1410 contineri,

190 1436 227 1499 in
250 1436 409 1500 unanimi
435 1432 623 1502 traditione
644 1438 836 1526 theoloqt’oa
851 1437 982 1506 veteris
998 1435 1189 1520 Ecclesiae,
1214 1434 1360 1502 subinde

190 1541 295 1610 etiam
320 1542 355 1608 in
381 1543 548 1632 symbolis
572 1542 652 1612 lidei
676 1567 859 1633 expressa,
887 1544 1060 1613 contineri
1085 1543 1291 1627 doctrinam,
1318 1543 1359 1611 de

191 1672 260 1740 qua
284 1650 416 1738 agitur.
436 1650 572 1733 Quaeso
596 1651 666 1718 iam
690 1652 775 1721 haec
798 1654 974 1718 unanimis
998 1649 1144 1717 traditio
1170 1652 1361 1740 theoloqica

192 1758 275 1848 quid
298 1759 438 1826 tandem
462 1760 541 1828 est?
564 1761 687 1828 Patres
711 1762 862 1829 omnium
887 1768 1043 1829 aetatum
1067 1765 1103 1828 et
1119 1759 1271 1827 omnium
1295 1758 1360 1826 Ec-

193 1866 378 1935 clesiarum
402 1876 599 1957 proponunt
622 1869 815 1939 doctrinam
833 1870 874 1938 de
898 1871 1038 1938 interna
1056 1867 1225 1937 relatione
1250 1866 1362 1955 Spiri-

192 1979 250 2043 tus
274 1973 396 2043 Sancti
412 1977 455 2044 ad
478 1975 622 2063 Filium,
641 1977 682 2045 de
699 2001 767 2070 qua
783 2001 849 2046 nou
863 1977 990 2044 nisiex
1008 1975 1131 2044 divina
1146 1974 1360 2044 revelatione

194 2090 353 2154 constare
376 2092 502 2174 potest;
522 2109 596 2154 eam
612 2094 810 2175 proponunt
826 2095 866 2155 ut
883 2094 1014 2155 certam
1037 2107 1106 2152 non
1123 2083 1240 2150 minus
1256 2103 1359 2172 quam

194 2194 365 2262 unitatem
389 2200 426 2261 et
449 2196 793 2264 communicationem
814 2200 962 2262 naturae
986 2190 1222 2261 indistinctis
1246 2209 1361 2278 perso-

193 2288 261 2388 nis3
289 2323 362 2370 eam
386 2303 516 2370 diserte
541 2301 722 2370 declarant
756 2323 954 2392 expressam
986 2321 1061 2368 esse
1085 2300 1123 2366 in
1145 2296 1361 2366 revelatione

193 2417 229 2479 et
252 2409 290 2477 in
313 2410 430 2479 verbis
452 2410 599 2497 christi,
619 2433 691 2479 eam
716 2411 773 2479 vel
796 2418 973 2480 testantur
997 2405 1140 2498 proponi
1158 2405 1362 2474 credendam

193 2519 230 2586 in
255 2519 411 2607 symbolo
435 2542 496 2609 pro
521 2518 777 2589 catechumenis
804 2519 875 2587 uin
892 2523 967 2586 tota
983 2516 1142 2586 Ecclesia
1160 2545 1176 2579 n
1197 2518 1261 2602 (ut
1278 2512 1362 2602 Epi-

191 2625 369 2713 phanius),
388 2625 445 2695 vel
468 2631 602 2715 ponunt
617 2627 654 2694 in
679 2627 753 2695 suis
769 2625 1045 2715 professionibus
1062 2622 1143 2692 fidei
1167 2620 1361 2690 catholicae

190 2737 245 2818 (ut
269 2731 462 2822 Gregorius
479 2733 779 2824 Thaumaturgus,
805 2733 940 2802 Marius
967 2733 1185 2815 Victorinus,
1201 2729 1361 2817 Vigilius

191 2840 391 2928 Tapsensis,
407 2840 624 2927 Gennadius,
641 2842 823 2927 Taras-ius,
838 2843 1013 2910 Diurnum
1027 2840 1219 2907 Romanum
1232 2836 1270 2902 in
1283 2858 1362 2904 oon-

192 2949 383 3018 secratione
398 2950 630 3018 Romanorum
651 2950 858 3020 Pontificum
878 2950 960 3018 inde
977 2950 1045 3017 iam
1072 2969 1093 3014 a
1111 2943 1283 3033 Gregorio
1295 2945 1357 3028 M,

193 3057 349 3126 Concilia
377 3060 559 3145 Toletana,
586 3059 777 3149 Anglicum
809 3061 873 3127 sub
897 3058 1090 3140 Theodoro,
1119 3053 1362 3123 Foroiuliense

195 3168 260 3236 sub
283 3167 445 3253 Paulino,
463 3170 762 3261 Aquisgranense,
789 3166 1070 3251 wormatiense),
1091 3162 1147 3232 vel
1171 3163 1300 3230 habent
1325 3160 1363 3227 in

196 3275 365 3364 symbolis
380 3277 631 3346 universaliter
644 3276 792 3365 receptis
801 3282 857 3364 (ut
869 3280 947 3343 erat
956 3271 1239 3341 Athanasianum
1252 3269 1287 3336 in
1298 3267 1364 3336 Eo·

194 3384 302 3452 alesia
315 3385 524 3453 occidentali
541 3386 603 3454 diu
620 3392 702 3452 ante
718 3384 896 3466 Photium‚
915 3379 1137 3472 «symbolum
1152 3377 1364 3445 orthodoxae

196 3490 278 3558 fidei
292 3492 450 3559 omnibus
464 3491 633 3561 Ecclesiis
657 3490 888 3560 orientalibus
903 3520 918 3554 n
943 3489 1086 3556 missum
1100 3509 1122 3554 a
1139 3485 1252 3554 Leone
1264 3482 1363 3567 111.),

192 3601 250 3669 vel
273 3601 447 3691 expressis
472 3601 590 3669 verbis
613 3608 747 3689 ponunt
763 3599 857 3668 inter
882 3596 1054 3665 articulos
1070 3593 1152 3662 fidei
1170 3589 1365 3661 catholicae

192 3709 390 3777 necessario
411 3708 599 3777 credendos
611 3707 801 3795 (Hilarius,
820 3701 1128 3793 Fulgentius,Leo
1144 3699 1228 3784 111,
1246 3695 1365 3786 aequi-

192 3816 364 3905 pollenter
388 3815 518 3906 reliqui
544 3819 687 3902 omnes);
705 3837 747 3881 ex
771 3813 836 3881 hoc
860 3812 974 3879 stadio
991 3806 1205 3878 universalis
1228 3802 1366 3894 praedi-

195 3923 344 3992 cationis
367 3923 636 4008 ecclesiasticae,
664 3944 741 3991 cum
766 3920 998 3989 calumniator
1026 3917 1142 3986 adhuc
1165 3912 1287 3981 nullus
1312 3911 1366 3979 in-

196 4039 321 4117 staret,
340 4032 488 4100 transiit
512 4031 647 4119 dogma,
668 4030 727 4098 ubi
743 4028 932 4098 necessitas
951 4023 1164 4100 defensionis
1181 4028 1259 4090 orta
1274 4025 1362 4103 erat,

180 4122 235 4208 ¹in
260 4140 507 4208 confessionem
530 4137 599 4206 iam
623 4137 754 4206 directe
779 4135 970 4226 oppositam
993 4132 1143 4216 haeresi,
1166 4130 1203 4197 in
1229 4128 1366 4218 symbo-

199 4249 272 4318 lum
296 4257 337 4318 ut
359 4249 436 4319 veri
459 4269 580 4317 sensus
603 4245 833 4338 processionis
855 4243 999 4310 a'Patre
1023 4237 1225 4330 explicatio,
1244 4237 1281 4303 in
1297 4235 1367 4302 for-

200 4358 324 4427 malem
347 4355 583 4427 definitionem
618 4377 695 4424 cum
720 4352 940 4423 anathemate
974 4347 1131 4418 haeresis
1168 4342 1367 4415 contrariae
