3120 4988
700 251 857 357 -sssa-

197 391 373 465 unanimis
397 422 444 467 ss.
463 400 609 466 Patrum
632 407 667 467 et
691 401 801 468 totius
829 401 1006 470 Ecclesiae
1029 424 1051 468 a
1074 401 1212 493 Spiritu
1238 394 1367 474 Sancto

196 506 391 575 custoditae
416 530 602 576 consensus
626 508 661 574 in
687 508 848 597 dogmate
864 511 1031 595 revelate,
1051 522 1172 579 contra
1189 513 1279 603 quod
1296 513 1369 603 pri·
1395 538 1398 546 ·

195 637 272 682 mus
295 615 443 683 Photius
467 617 511 684 ad
535 641 631 685 suam
657 619 882 687 ambitionem
907 643 1075 712 suumque
1092 621 1243 698 schisma
1266 630 1367 691 tuen·

197 722 278 790 dum
303 722 475 792 haeresim
499 725 680 795 conflavit.

376 946 408 1023 S.
427 941 476 1010 Il.
495 941 547 1010 De
564 943 778 1032 processione
800 942 979 1011 tetradiae
1001 947 1187 1014 missionis.

261 1156 432 1246 Disputat
448 1156 625 1226 Macarius
649 1157 818 1226 adversus
835 1143 1092 1248 argumentum,
1112 1185 1179 1252 quo
1198 1162 1367 1254 catholici

194 1266 351 1355 theologi
386 1289 463 1335 oum
488 1290 534 1334 ss.
564 1267 732 1336 Patribus
762 1270 1015 1356 processionem
1051 1269 1208 1359 Spiritus
1244 1271 1367 1340 Sancti

194 1397 215 1440 a
237 1374 331 1442 Filio
348 1375 587 1442 demonstrant
602 1399 642 1443 ex
662 1375 796 1443 virtute
821 1376 984 1444 mittendi
1000 1384 1036 1445 et
1060 1378 1223 1445 missione
1240 1380 1368 1449 tertiae

193 1505 360 1573 personae
384 1483 537 1569 divinae,
557 1506 645 1575 quae
669 1483 788 1550 virtus
804 1507 844 1551 ac
868 1485 987 1551 missio
1012 1506 1082 1551 una
1107 1486 1367 1555 communisset

194 1590 231 1658 in
255 1593 361 1659 Patre
385 1599 421 1659 et
437 1591 531 1659 Filio
555 1591 638 1680 (Th.
658 1590 845 1676 XXXIII).
864 1591 1199 1680 Argumentationes
1223 1594 1367 1665 deducit

156 1713 161 1722 '
194 1719 235 1765 ex
260 1700 471 1791 incompleta
494 1723 535 1770 ac
559 1701 698 1769 detorta
721 1700 862 1768 notione
882 1703 1070 1785 missionis,
1089 1710 1193 1794 atque
1217 1703 1299 1772 bine
1324 1726 1366 1772 ex

192 1810 408 1882 testimoniis
432 1816 652 1899 praepostere
676 1808 846 1878 adhibitis
870 1809 1076 1899 Scripturas
1100 1818 1136 1879 et
1161 1812 1318 1882 Petrum.

260 1919 294 1986 1⁰
311 1918 433 2002 Quoad
450 1920 560 2008 ipsam
574 1919 782 2000 missionem,
798 1917 1024 1986 adversarius
1038 1927 1156 1987 noster
1169 1922 1368 1990 considerat

193 2027 431 2097 tantummodo
455 2027 626 2112 actionem
649 2025 686 2092 in
710 2030 874 2093 creatura
898 2048 960 2094 seu
984 2025 1030 2093 ad
1053 2043 1166 2110 satra,
1194 2030 1366 2124 planeque

194 2136 384 2226 supprimit
407 2135 672 2202 fundamentum
689 2133 810 2221 'ipsum
834 2133 871 2199 in
895 2134 1060 2201 missione
1086 2158 1253 2222 personae
1276 2136 1367 2204 dioi-

192 2270 258 2313 aoe
280 2254 315 2315 et
337 2246 546 2314 elementum
569 2241 768 2324 essentiale,
789 2241 925 2331 quoties
951 2241 1067 2309 missio
1091 2266 1158 2310 non
1189 2243 1224 2310 in
1249 2244 1365 2312 Verbo

193 2355 377 2432 incarnato
401 2358 581 2441 spectatur
606 2350 793 2417 secundum
817 2349 906 2439 quod
931 2347 1030 2416 homo
1054 2358 1119 2433 est,
1143 2351 1201 2418 sed
1226 2351 1263 2425 in
1288 2375 1364 2442 per·

193 2485 277 2531 sona
301 2461 489 2530 secundum
514 2457 671 2527 divinam
706 2462 883 2525 naturam.
908 2457 982 2524 Hoc
1007 2457 1269 2527 fundamentum
1295 2483 1363 2527 non

193 2577 246 2640 est
269 2569 378 2653 aliud,
410 2589 512 2659 quam
537 2565 664 2633 relatio
688 2563 837 2653 originis
862 2588 1028 2652 personae
1066 2566 1191 2633 missae
1215 2567 1258 2634 ad
1284 2569 1365 2635 mit-

193 2687 348 2764 tentem,
377 2682 418 2744 ut
441 2676 530 2744 satis
553 2673 591 2739 in
616 2672 723 2740 Thasi
746 2672 920 2743 XXXIII.
946 2674 1218 2743 demonstratum
1243 2675 1361 2744 habes.

190 2789 272 2857 Ideo
296 2812 343 2856 es.
373 2785 501 2853 Patres
521 2782 718 2849 missionem
752 2802 918 2868 personae
943 2803 964 2848 a
986 2804 1134 2872 persona
1157 2791 1279 2851 eontra
1303 2783 1365 2850 Sa·

192 2898 360 2967 bellianos
391 2895 565 2982 urgebant
589 2890 689 2960 velut
712 2898 955 2979 argumentum
989 2891 1216 2959 ineluctabile
1240 2891 1366 2960 distin·

192 3007 332 3090 ctionis,
350 3027 418 3071 non
443 3005 510 3070 iam
547 3001 658 3068 solum
683 3003 775 3067 inter
799 3000 958 3068 diversas
993 2998 1296 3093 manifestationes
1320 2999 1364 3069 ad

191 3122 304 3198 extra,
324 3135 411 3204 quas
428 3110 598 3178 haeretiei
622 3108 680 3175 illi
703 3107 797 3176 ultro
821 3108 1066 3192 concedebant,
1086 3102 1154 3175 imo
1182 3108 1363 3200 inquibus

191 3222 261 3312 ipsi
285 3220 546 3289 constituebant
581 3217 687 3283 unius
721 3215 949 3304 hypostaseos
973 3219 1046 3282 tres
1070 3237 1234 3302 personas
1271 3221 1364 3306 (τρια

193 3332 373 3422 apocopa)
396 3327 574 3405 batres
598 3326 756 3393 diversas
780 3324 1030 3412 apparitiones,
1063 3325 1122 3392 sed
1146 3324 1214 3390 ΡΡ.
1233 3345 1364 3392 assere·

190 3440 275 3507 bant
298 3461 340 3506 ex
363 3438 440 3526 ipsa
476 3433 637 3502 missione
662 3433 790 3501 realem
834 3431 1065 3500 demonstrari
1101 3431 1363 3499 distinctionem

191 3546 285 3615 inter
310 3569 416 3613 unum
434 3542 629 3611 mittentem
645 3549 680 3608 et
704 3540 812 3607 alium
829 3539 983 3623 missum;
1005 3569 1020 3602 c
1039 3561 1148 3630 neque
1173 3539 1262 3625 enim
1287 3538 1364 3628 ipse

192 3655 380 3744 (Spiritus)
405 3675 440 3720 se
474 3650 588 3740 ipsum
614 3648 749 3732 mittit,
781 3653 859 3713 sut
881 3647 935 3713 ait
962 3647 1120 3713 Basilius
1149 3645 1175 3714 l.
1206 3670 1236 3714 c.
1266 3654 1370 3716 cont·

191 3764 338 3832 Eunorn.
359 3787 390 3851 p.
409 3761 487 3828 297.
506 3758 717 3826 Huiusmodi
743 3777 824 3823 vero
841 3754 947 3822 realis
970 3753 1153 3822 distinctio
1177 3755 1271 3821 inter·
1288 3778 1364 3844 per·

192 3895 295 3941 sonas
319 3871 458 3937 divinas
482 3889 668 3958 numquam
692 3865 765 3930 alia
788 3885 808 3928 a
833 3863 901 3931 ΡΡ.
917 3864 1043 3952 agnita
1066 3870 1132 3948 est,
1151 3861 1221 3930 nisi
1245 3885 1288 3930 ex
1313 3887 1367 3933 re·

189 3979 386 4062 Iatiouibus
409 3975 557 4066 originis
583 3975 679 4042 missi
699 3975 916 4041 amittente.

253 4086 301 4155 ¹In
326 4086 390 4154 hoo
408 4109 509 4176 porro
534 4086 609 4174 ipso
627 4083 718 4175 quod
742 4083 860 4149 missio
877 4079 1137 4170 comprehendit
1158 4077 1375 4174 relationem,

177 4223 254 4307 tion
275 4253 340 4306 d'uu
360 4254 421 4305 seul
441 4255 564 4305 Docteur
583 4251 689 4302 devant
708 4251 780 4302 cells
800 4247 834 4301 do
854 4245 974 4313 l’Eglise
994 4246 1144 4299 eutitretn
1169 4244 1211 4318 (h.
1235 4260 1260 4297 e.
1285 4248 1363 4300 nibil

192 4348 273 4398 velet
291 4345 485 4396 testimouium
506 4341 627 4394 omnium
648 4357 685 4392 ss.
701 4341 851 4392 Doctorum
865 4342 893 4389 ct
908 4337 995 4390 totius
1007 4336 1151 4389 Ecclesiae
1170 4340 1270 4389 contra
1296 4351 1363 4402 syn·

193 4450 311 4502 agogen
331 4433 485 4488 schismate
504 4431 656 4498 divulsam,
671 4430 784 4483 haeresi
803 4424 1094 4497 computrescentsm).
