3120 4988
652 281 808 345 -19-

145 393 249 462 etiam
274 415 296 460 a
318 416 355 461 se
378 392 452 481 ipso
469 390 652 485 procedere
669 389 731 477 (1).
751 390 887 469 Nescio,
907 410 969 456 our
986 386 1167 454 omiserint
1184 385 1315 454 illatio·

144 524 220 569 nem
244 502 359 569 adhuc
382 501 489 567 aliam
512 522 581 566 non
607 499 721 566 minus
745 500 888 588 dignam
919 496 1058 584 ingenio
1083 506 1118 562 et
1142 495 1316 582 sapientia

142 609 266 677 horum
291 609 492 693 hominnm,
519 607 635 674 eodem
660 608 786 698 quippe
813 607 888 674 iure
912 606 1038 672 addere
1061 603 1268 692 potuissent:
1285 604 1315 670 sl

142 719 251 786 tertia
286 738 435 807 persona
466 717 630 804 procedat
653 737 673 780 a
697 708 809 803 prima
832 721 868 781 et
892 713 1062 795 secunda,
1102 732 1315 800 consequens

141 829 239 909 fore,
266 834 307 893 ut
330 824 444 913 prima
477 845 624 912 persona
655 823 759 891 Pater
783 824 924 891 dicatur
962 821 1144 910 procedere
1176 827 1210 887 et
1233 840 1254 885 a
1279 841 1315 887 se

140 936 215 1024 ipso
240 943 275 1002 et
298 956 319 1000 a
341 933 435 1000 Filio
460 956 522 1000 suo
546 955 676 1022 suoque
700 931 849 1020 Spiritu.
1332 1011 1337 1032 ,

205 1044 368 1112 Profecto
402 1042 492 1108 istae
516 1062 716 1108 scurrarum
742 1062 856 1127 nugae
881 1039 918 1104 in
943 1036 1196 1126 augustissimo
1233 1036 1315 1103 fidei

140 1151 309 1240 mysterio
333 1156 410 1216 tota
433 1156 544 1216 mente
579 1149 827 1215 abominandae
863 1147 1119 1235 responsionem
1145 1168 1210 1212 non
1244 1169 1311 1214 me·

140 1267 284 1343 rentur;
311 1258 552 1324 demonstrant
575 1261 691 1322 tamen
717 1256 866 1336 eaedem,
894 1255 1077 1322 Photianis
1105 1277 1146 1321 ex
1172 1254 1315 1323 invecta

135 1366 275 1436 haeresi
299 1374 421 1457 contra
444 1363 617 1452 Spiritum
643 1363 807 1433 Sanctum
841 1363 988 1451 periisse
1012 1385 1127 1430 omnes
1156 1364 1314 1430 notiones

138 1475 311 1561 genuinas
347 1471 387 1538 de
411 1471 691 1559 processionibus
725 1479 760 1537 et
784 1470 825 1536 de
849 1469 1076 1537 distinctione
1112 1491 1151 1537 ac
1177 1469 1315 1538 unitate

139 1581 342 1648 divinarum
367 1601 603 1666 personarum.
628 1578 891 1644 Absurdissime
927 1577 1136 1666 supponitur
1161 1578 1197 1642 in
1223 1577 1314 1645 obie-

139 1689 266 1771 ctione,
293 1688 394 1755 iuxta
418 1688 612 1754 doctrinam
639 1687 846 1754 catholicam
872 1689 1029 1775 personis
1047 1686 1181 1753 divinis
1198 1709 1315 1754 omnes

138 1797 327 1864 relationes
351 1797 422 1863 diei
439 1818 635 1862 communes
660 1800 801 1884 propter
826 1796 998 1862 unitatem
1024 1797 1206 1877 essentiae,
1227 1818 1314 1886 quae

140 1916 232 1974 esset
255 1904 398 1992 negatio
422 1903 632 1970 relationum
657 1904 826 1991 ipsarum,
846 1926 886 1969 ac
904 1903 1047 1990 proinde
1072 1902 1314 1971 distinctionis

141 2036 365 2103 personarum
390 2012 427 2078 in
452 2013 534 2079 Deo.
560 2011 718 2079 Ecclesia
752 2011 928 2078 catholica
956 2033 1089 2098 semper
1114 2011 1234 2077 docuit
1258 2017 1314 2095 (ut

141 2146 182 2190 ex
206 2121 591 2189 Patrumdoonmentie
615 2126 670 2187 est
694 2120 932 2204 manifestum)
956 2126 991 2186 et
1026 2119 1144 2201 docet,
1179 2119 1313 2186 divinis

141 2231 300 2319 personis
324 2228 439 2295 omnia
462 2251 535 2295 esse
571 2229 765 2295 communia
791 2239 926 2315 praeter
950 2227 1118 2293 rationem
1144 2226 1314 2314 principii

141 2348 177 2406 et
200 2337 421 2427 procedentis
438 2360 457 2403 a
475 2335 660 2425 principio,
680 2359 719 2403 ac
737 2337 891 2424 proinde,
911 2342 953 2402 ut
970 2334 1131 2423 Cyrillus
1147 2336 1200 2404 ait
1216 2336 1312 2421 (vide

142 2446 209 2514 Th.
228 2445 379 2512 XXXV.
397 2469 430 2531 p.
446 2444 560 2526 522),
581 2442 782 2509 nominatim
809 2442 960 2510 Verbum
987 2442 1212 2530 unigenitum
1237 2464 1312 2508 esse

139 2553 278 2634 omnia,
306 2558 471 2640 quaeest
501 2552 625 2633 Pater,
652 2565 792 2636 eccepto
824 2550 898 2614 ecla
917 2551 1156 2635 paternionem
1180 2550 1312 2616 idcirco

140 2660 366 2750 spirationem
392 2681 478 2748 quae
502 2681 570 2724 non
595 2668 647 2725 est
672 2658 868 2724 formaliter
894 2657 1108 2744 paternitas,
1140 2680 1200 2726 seu
1226 2657 1315 2726 dile-
1413 2692 1417 2698 ¹

140 2769 288 2836 ctionem
313 2767 498 2835 fecundam
524 2789 583 2855 per
608 2787 709 2856 quam
735 2787 830 2833 amor
847 2765 1041 2832 subsistens
1055 2766 1223 2854 procedit,
1242 2789 1309 2834 non

139 2877 253 2943 minus
277 2895 352 2941 esse
375 2895 586 2940 communem
603 2873 700 2939 Patri
718 2883 752 2939 et
767 2873 861 2939 Filio
880 2896 980 2962 qnam
998 2874 1182 2941 essentiam
1200 2875 1311 2964 ipsam

138 2992 172 3052 et
194 2983 373 3050 attributa
396 2981 569 3051 absoluta.
596 2983 703 3049 Docet
726 2992 905 3069 praeterea
929 2981 1088 3049 Ecclesia
1104 3005 1163 3049 seu
1187 2984 1306 3072 potius

139 3092 306 3182 supponit
332 3098 372 3158 ut
395 3113 456 3182 per
479 3113 514 3156 se
537 3089 681 3158 evidens
706 3089 797 3155 omni
821 3089 956 3156 animae
979 3089 1171 3174 rationali,
1200 3089 1312 3157 esino

103 3289 105 3293 .
139 3223 205 3291 qua
229 3200 368 3268 credere
393 3222 459 3265 non
484 3221 674 3286 possemus,
684 3223 706 3257 ἰι
726 3197 762 3264 id
787 3199 876 3286 quod
894 3198 987 3286 apud
1012 3200 1103 3266 solos
1118 3200 1310 3267 Photianos

137 3317 172 3376 et
193 3310 347 3376 fortasse
370 3307 406 3372 in
431 3305 664 3373 morodochiis
688 3305 725 3370 in
750 3307 986 3394 quaestionem
1011 3315 1169 3388 vocatur,
1197 3329 1313 3396 perso-

136 3438 216 3480 nam
240 3437 304 3482 nec
328 3435 402 3480 esse
426 3436 485 3481 nec
510 3413 646 3502 concipi
670 3435 769 3502 posse
794 3414 1005 3503 principium
1030 3416 1087 3483 sni
1112 3417 1224 3505 ipsius
1249 3423 1312 3486 aut

135 3523 349 3612 principium
374 3523 429 3589 sui
466 3522 656 3612 principii,
683 3543 704 3586 a
729 3544 796 3612 quo
821 3522 969 3610 ipsamet
998 3525 1166 3611 procedit.
1194 3523 1248 3590 Ex
1272 3548 1310 3593 eo

136 3628 250 3717 igitur
275 3629 367 3719 quod
393 3651 462 3695 una
486 3649 634 3718 persona
651 3627 815 3715 procedat
840 3613 883 3694 ab
906 3628 976 3694 alia
995 3636 1035 3696 ut
1051 3630 1225 3719 principio
1243 3631 1310 3699 dis-

206 3845 248 3921 (1)
270 3868 282 3894 a
307 3849 349 3900 Oa
367 3863 427 3899 aera
440 3848 524 3915 force
542 3847 710 3902 d'admettrc
725 3863 777 3914 que
795 3849 820 3901 le
835 3849 898 3901 Fila
912 3849 1055 3914 angendre
1067 3865 1117 3918 par
1132 3853 1159 3904 le
1172 3850 1253 3921 Pbre,
1269 3859 1313 3908 est
1399 3844 1400 3847 ¹

138 3940 215 3997 aussi
235 3938 381 4003 engendrb
395 3954 447 4007 par
460 3939 620 4004 lui-meme,
636 3942 665 3990 et
679 3954 731 4004 que
745 3939 771 3991 le
784 3938 813 3992 S.
828 3940 860 3991 Ε.
879 3939 1033 4005 procedant
1047 3941 1082 3991 dn
1096 3943 1178 4009 Pare,
1194 3942 1311 4011 procede

139 4031 214 4082 aussi
234 4028 268 4080 de
289 4029 447 4094 lui-mene,
471 4032 500 4080 et
519 4031 579 4081 cela
599 4027 730 4080 oraison
757 4028 790 4079 de
816 4029 880 4081 leur
907 4030 988 4080 unite
1020 4029 1160 4085 d'essence
1190 4049 1258 4086 avec
1284 4034 1311 4085 la

140 4118 205 4172 Pero
223 4102 256 4171 et
274 4117 309 4171 de
329 4120 391 4170 leur
410 4119 567 4171 coeternite
585 4121 602 4169 a
621 4123 712 4170 tons»
735 4108 769 4183 p,
779 4118 841 4169 331.

207 4211 272 4276 Ipse
294 4208 493 4261 haeresiarcha
510 4209 632 4261 Photius
652 4208 682 4259 in
702 4209 777 4260 libro
799 4209 832 4260 de
855 4211 1047 4278 mystagogia,
1075 4213 1106 4264 in
1132 4214 1256 4280 epistole
1282 4212 1309 4264 3.

143 4299 282 4364 encyclica
307 4298 398 4349 ct‘ld.
417 4297 453 4349 ad
472 4298 566 4364 Episc.
582 4298 794 4363 aquileiensem
814 4301 904 4350 multa
924 4299 1011 4352 habet
1022 4301 1184 4355 huiusmodi
1200 4301 1312 4369 sophis·

130 4392 214 4464 *neta
233 4403 288 4456 quo
307 4387 452 4456 ineptiore
471 4403 503 4440 ec
523 4387 722 4442 tumidioribus
742 4387 839 4442 verbis
857 4387 971 4440 inflata.
