3120 4988
704 296 860 359 4³2..
964 333 966 336 Α

196 404 304 471 Deum
329 403 649 488 (Pneumatomachi
662 405 752 492 apud
770 428 797 472 s.
816 403 988 471 Basilium
1004 410 1098 472 cont.
1116 404 1263 472 Eunom.
1279 405 1304 472 l.
1315 405 1361 472 V.

195 537 229 602 p.
250 512 328 581 310.
345 512 445 597 311);
473 535 536 579 cur
560 535 626 579 non
658 511 788 578 dixerit
811 512 883 578 alia
907 511 1040 596 multa,
1067 535 1155 604 quae
1181 512 1365 580 vanissimi

196 621 373 711 sophistae
397 621 466 688 sibi
490 621 643 709 fingunt,
663 621 768 689 donec
785 621 828 686 ad
844 642 917 688 eam
936 620 1183 709 blasphemiam
1201 622 1365 688 delaban-

194 739 267 817 tur,
285 738 325 798 ut
348 722 531 812 affirment,
548 729 726 796 Christum
745 729 858 817 ipsum
878 729 976 794 modo
993 749 1077 794 suae
1094 729 1367 816 praedicationis
1402 768 1416 782 ν

194 838 375 907 induxisse
400 839 606 905 varietatem
631 836 667 903 in
693 836 1134 919 doct1·ina,uhancenim
1158 837 1367 905 varietatem

194 947 263 1013 nisi
280 947 354 1035 ipse
371 945 554 1026 voluisset,
575 943 706 1010 clarius
723 951 813 1010 esset
826 942 990 1010 locutus»
1006 942 1250 1031 (Ephemered.
1266 942 1365 1011 Eccl.

193 1054 395 1122 Darmstad.
414 1052 506 1142 apud
532 1052 576 1120 cl.
595 1051 698 1140 Ioerg
721 1052 817 1118 Hist.
839 1051 990 1119 Protesi.
1011 1052 1053 1120 T.
1069 1052 1098 1118 Ι.
1115 1077 1147 1141 p.
1166 1051 1274 1136 lau).

261 1163 293 1249 b)
318 1160 463 1228 Falsum
498 1168 574 1243 est,
602 1157 796 1224 immediate
826 1169 930 1228 antea
953 1160 1133 1227 Christum
1163 1161 1366 1228 enuntiasse

194 1269 392 1336 missionem
417 1266 574 1356 Spiritus
599 1265 719 1334 Sancti
736 1289 756 1331 a
772 1267 877 1334 Patre
900 1267 1004 1333 simul
1028 1276 1063 1334 et
1079 1267 1215 1334 aFilio.
1241 1269 1364 1336 Decla-

192 1377 290 1445 ravit
312 1377 349 1443 in
374 1374 444 1442 alio
469 1380 634 1441 contextu
659 1372 709 1441 Io.
729 1373 826 1440 XIV.
843 1374 898 1441 26.
927 1374 1125 1442 missionem
1149 1398 1170 1440 a
1192 1376 1311 1459 Patre,
1330 1381 1366 1443 et

193 1485 231 1553 in
255 1485 325 1552 alio
349 1483 428 1551 XV.
447 1481 502 1549 26.
531 1481 727 1548 missionem
745 1502 765 1547 a
780 1481 887 1581 Vilio.
915 1482 1016 1550 Sicut
1041 1485 1183 1550 veroin
1201 1484 1365 1551 missione

192 1615 213 1660 a
238 1594 341 1661 Patre
364 1592 563 1660 includitur
583 1590 714 1674 Filius,
730 1591 818 1658 etin
843 1592 1005 1658 missione
1021 1613 1042 1658 a
1056 1591 1150 1660 Filio
1167 1592 1366 1659 includitur

192 1703 322 1785 Pater,
350 1699 432 1791 quia
457 1699 591 1766 virtute
616 1697 778 1765 mittendi
807 1699 912 1766 Pater
936 1707 972 1767 et
993 1699 1110 1766 Filius
1134 1722 1242 1765 uuum
1267 1706 1363 1766 suut:

195 1809 249 1877 ita
271 1830 340 1875 non
365 1807 481 1873 minus
516 1805 552 1871 in
577 1805 792 1894 processione
816 1827 838 1870 a
860 1804 965 1873 Patre
1000 1805 1197 1874 includitur
1220 1806 1362 1891 Filius,

194 1917 272 1984 ideo
295 1914 385 1984 enim
409 1914 515 1981 Pater
538 1919 574 1980 et
596 1913 713 1980 Filius
736 1913 773 1980 in
798 1913 934 1981 virtute
952 1914 1115 1981 mittendi
1131 1913 1273 1982 tertiam
1291 1936 1365 2001 per-

195 2045 314 2090 sonam
351 2020 509 2088 divinam
535 2042 640 2086 unum
666 2026 771 2103 sunt,
799 2021 882 2110 quia
914 2044 1021 2086 unum
1056 2021 1199 2089 suntin
1225 2020 1362 2089 virtute

195 2128 376 2220 spirandi,
404 2138 444 2195 ut
468 2152 515 2195 ss.
535 2128 656 2195 Patres
691 2128 815 2194 docent
846 2136 881 2196 et
905 2128 1081 2217 praeclare
1107 2129 1362 2197 demonstravit

195 2238 301 2307 Card.
320 2237 507 2304 Bessarion
523 2236 605 2323 (Th.
625 2235 826 2320 xxxiii).

260 2351 290 2430 c)
314 2345 391 2414 Non
416 2343 524 2410 solum
551 2345 614 2412 hoc
638 2345 714 2432 ipso
737 2344 811 2412 loco
836 2343 999 2412 Christus
1014 2344 1184 2433 implicite
1208 2368 1360 2434 compre-

192 2455 315 2544 hendit
338 2453 588 2542 processionem
612 2452 706 2519 sicut
729 2476 749 2519 a
772 2454 878 2521 Patre
901 2453 953 2519 ita
970 2453 1108 2536 aFilio,
1129 2461 1168 2520 ut
1184 2463 1361 2523 ostensum

193 2568 248 2632 est
264 2563 331 2629 Th.
350 2560 519 2646 XXXIV,
539 2560 720 2628 sedetiam
744 2559 849 2649 paulo
864 2567 981 2649 postea
998 2584 1073 2651 cap.
1092 2562 1191 2630 XVI.
1211 2553 1287 2650 ipsa
1305 2564 1363 2630 de-

192 2671 381 2759 scriptione
416 2667 643 2758 processionis
675 2668 838 2755 explicite
862 2670 979 2752 docet,
1012 2692 1193 2757 personam
1216 2670 1362 2737 tertiam

191 2778 347 2866 accipere
370 2798 391 2842 a
415 2777 589 2858 secunda,
615 2776 709 2842 sicut
732 2776 883 2843 secunda
910 2776 1023 2843 omnia
1052 2777 1181 2865 accipit
1205 2799 1225 2842 a
1250 2778 1363 2866 prima

191 2909 337 2977 persona
354 2885 437 2972 (Th.
455 2885 638 2969 XXXII.).
659 2884 952 2966 Quemadmodum
976 2908 1059 2973 ergo
1075 2884 1160 2951 locis
1182 2884 1363 2951 distinctis

190 2995 309 3063 docuit
334 2995 444 3085 primo
469 2995 664 3062 missionem
689 2995 844 3076 aPatre,
863 2993 985 3061 deinde
1005 2994 1202 3061 missionem
1218 3014 1238 3059 a
1253 2992 1359 3080 Filio,

190 3103 243 3171 ita
267 3103 373 3171 ctiam
398 3103 496 3191 prius
522 3102 688 3189 explicite
711 3102 913 3168 enuntiavit
937 3102 1185 3188 processionem
1208 3103 1359 3184 aPatre,

190 3235 257 3278 non
282 3209 497 3279 excludendo
522 3210 581 3277 sed
606 3209 814 3276 includendo
830 3209 974 3291 Filium,
993 3220 1029 3277 et
1052 3216 1171 3298 postea
1194 3209 1361 3298 explicite

191 3319 387 3388 declaravit
411 3319 660 3407 processionem
686 3340 707 3383 a
729 3317 836 3397 Filio,
862 3318 1070 3391 includendo
1095 3320 1245 3405 Batrem.

256 3425 451 3508 Rationem,
479 3447 540 3492 cur
563 3424 682 3491 Filius
706 3426 799 3492 sicut
822 3424 893 3491 alia
918 3448 982 3491 sua
1007 3425 1183 3493 attributa
1207 3424 1290 3491 aliis
1311 3422 1360 3490 lo·

191 3535 261 3614 cis,
288 3533 339 3600 ita
363 3532 426 3599 hoc
463 3533 537 3600 loco
561 3532 788 3621 spirationem
812 3531 968 3621 Spiritus
993 3531 1114 3600 Sancti
1144 3534 1276 3600 referat
1302 3555 1361 3599 ex-

190 3641 313 3733 plicite
330 3642 373 3708 ad
389 3640 541 3724 Patrem,
561 3640 718 3709 declarat
735 3665 762 3708 s.
782 3641 1009 3728 Augustinus
1027 3641 1187 3730 pluribus
1205 3641 1240 3706 in
1258 3641 1357 3724 locis,

190 3763 336 3841 quorum
361 3749 481 3839 aliqua
505 3750 694 3816 citavimus
710 3748 747 3815 in
766 3748 832 3816 Th.
851 3749 1017 3818 XXXIV.
1039 3750 1138 3832 Quod
1156 3759 1272 3818 autem
1290 3750 1361 3816 Ma·

190 3855 309 3925 carius
333 3856 444 3923 locum
468 3858 666 3945 Augustini
690 3880 732 3923 ex
757 3857 782 3924 l.
798 3856 848 3924 Π.
867 3881 896 3924 c.
917 3858 970 3924 14.
991 3882 1026 3927 n.
1045 3857 1076 3925 1.
1105 3869 1227 3924 contra
1250 3857 1362 3925 lllaxi-

191 3965 334 4044 minum,
362 3964 420 4030 ubi
446 3964 530 4033 haec
554 3966 670 4032 eadem
696 3965 786 4031 ratio
811 3964 1030 4053 explicatur,
1057 3966 1162 4032 audet
1187 3966 1222 4032 in
1247 3966 1362 4054 suspi-

190 4071 323 4139 cionem
341 4070 511 4138 adducere
525 4071 807 4159 interpolationis
824 4075 951 4161 absque
969 4072 1040 4138 ullo
1057 4066 1283 4140 fundamento
1296 4071 1359 4161 (l),

263 4231 305 4308 (1)
325 4234 463 4288 Rationes
484 4252 555 4303 quas
575 4234 610 4287 ad
629 4235 804 4300 probandam
823 4235 1078 4300 interpolationem
1099 4237 1182 4288 affert
1206 4252 1241 4288 ex
1267 4241 1361 4290 coute-

189 4327 244 4377 xtu
265 4327 415 4400 sermonis,
430 4327 556 4391 proiecto
576 4325 713 4378 ridendae
733 4332 811 4392 sunt,
828 4325 853 4376 si
873 4325 918 4376 vel
938 4325 1031 4376 obiter
1052 4331 1199 4391 perspecta
1218 4325 1360 4378 habeatur

193 4414 323 4470 doctrina
341 4417 508 4482 Augustini.
523 4417 552 4470 S.
569 4417 672 4469 Ductor
690 4430 787 4483 nempe
808 4415 883 4473 sicut
900 4413 930 4471 h·
945 4415 966 4468 l.
986 4416 1034 4470 ita.
1047 4415 1120 4468 alibi
1140 4418 1253 4484 saepius
1272 4413 1310 4489 (e.
1330 4431 1358 4482 ς.
