3158 4980
631 332 669 346 ..
691 298 729 360 57
752 332 790 345 ..

118 414 185 476 tur
207 406 380 494 temporis·
397 407 515 490 verba,
542 406 705 498 quamvis
730 408 805 474 siue
829 412 982 494 tempore
1006 427 1147 474 manere
1163 403 1300 474 intelli-

118 521 233 603 gatur
249 515 457 583 aeternitas.
481 513 570 581 Nam
594 521 630 580 et
653 517 785 601 occepit
809 513 894 604 quia
919 515 960 581 de
984 514 1091 581 Patre
1115 516 1297 600 processit,
1393 549 1396 554 ·

116 629 159 690 et
181 623 310 708 accipit
332 622 417 712 quia
441 623 483 688 de
504 621 611 687 Patre
627 620 797 706 procedit,
816 628 851 687 et
876 623 1023 707 accipiet
1039 621 1177 712 quiade
1194 623 1302 690 Patre

115 728 305 817 procedere
327 749 515 818 numquam
540 726 698 812 desinet;
726 727 822 794 sicut
845 728 937 792 Deus
971 743 1003 793 et
1027 743 1076 794 eat
1100 742 1132 793 et
1162 730 1246 816 fuit
1269 743 1301 794 et

117 836 190 899 erit
203 883 213 916 ,
237 839 411 902 ettamen
440 834 585 901 initium
610 835 667 901 vel
691 833 793 900 finem
818 834 984 921 temporis
1018 855 1081 902 nec
1105 835 1212 904 habet
1235 860 1324 909 nec.

116 940 249 1007 habuit
270 964 334 1008 nec
357 941 500 1008 habebit
516 967 533 1002 n
557 940 653 1028 Aug.
672 945 768 1008 cont.
785 963 889 1010 serm.
903 940 1033 1012 Arian.
1050 965 1085 1010 n.
1105 944 1161 1009 20.

188 1047 353 1116 Ceterum
375 1047 413 1114 in
438 1047 544 1114 Tbesi
568 1050 680 1116 citata
704 1049 794 1115 satis
818 1047 1089 1133 declaravimus,
1116 1073 1179 1118 cur
1203 1074 1301 1120 acce-

118 1156 199 1245 ptio
210 1163 354 1223 aeterna
370 1156 534 1224 veritatis
550 1163 586 1222 et
598 1156 766 1224 scientiae
781 1155 999 1243 exprimatur
1012 1159 1117 1224 verbo
1134 1159 1301 1246 temporis

118 1264 258 1350 futuri3
283 1264 450 1331 nimirum
474 1270 615 1351 propter
638 1264 793 1332 eiusdem
828 1264 995 1331 scientiae
1021 1266 1298 1332 communicatae

25 1447 32 1455 ,
117 1377 317 1458 respectum
340 1370 384 1437 ad
414 1369 610 1437 doctrinam
633 1394 654 1437 a
679 1370 815 1458 Spiritu
842 1371 1008 1451 veritatis
1042 1371 1298 1439 infundendam

117 1476 305 1567 Apostolis
327 1485 363 1545 et
385 1475 576 1545 Ecclesiae.
598 1506 614 1542 u
632 1477 665 1543 A
680 1478 788 1545 Patre
804 1483 841 1545 et
857 1477 951 1545 Filio
969 1478 1126 1565 Spiritus
1144 1478 1298 1547 Sanctus

118 1585 238 1669 audit,
256 1585 340 1675 quia
363 1585 407 1653 de
428 1586 536 1654 Patre
553 1589 589 1652 et
605 1585 699 1652 Filio
723 1586 914 1654 communis
938 1585 1145 1652 divinitatis
1170 1609 1296 1676 aequa·

116 1693 227 1760 litate
249 1693 449 1779 procedit„
475 1692 533 1758 Ad
557 1692 621 1761 hoc
648 1693 770 1782 utique
793 1691 948 1778 pertinet
971 1693 1062 1784 quod
1076 1692 1149 1759 ait:
1169 1692 1232 1759 ille
1246 1715 1299 1759 me

119 1797 358 1881 clarificabit,
396 1797 481 1887 quia
508 1798 549 1865 de
574 1821 646 1865 meo
670 1798 842 1885 accipiet,
867 1808 903 1865 et
930 1798 1161 1864 annuntiabit
1182 1798 1293 1865 vobis.

118 1905 303 1995 Numquid
327 1906 417 1973 enim
442 1905 493 1974 sic
518 1906 736 1987 dictumest,
756 1907 914 1991 accipiet,
933 1913 1110 1993 tamquam
1126 1904 1191 1970 illa
1207 1926 1296 1993 quae

123 2014 292 2081 docturus
316 2013 504 2101 Apostolos
528 2015 658 2097 fuerat,
684 2014 830 2081 necdum
852 2013 1009 2100 Spiritus
1027 2011 1178 2079 Sanctus
1202 2033 1300 2078 acce-

120 2121 255 2209 pisset?
280 2119 381 2202 Quod
413 2121 535 2210 utique
561 2142 663 2210 quam
699 2124 749 2187 sit
771 2120 961 2186 absurdum
997 2130 1104 2212 atque
1136 2120 1292 2207 impium,

121 2226 285 2314 superius
308 2229 559 2294 demonstravi.
588 2229 729 2295 Dictum
754 2237 807 2294 est
831 2228 961 2317 itaque,
983 2230 1067 2318 quia
1093 2227 1133 2292 de
1156 2252 1225 2293 meo
1243 2250 1296 2293 oc·

121 2339 251 2423 cipiet,
278 2343 454 2425 tamquam
479 2336 510 2400 si
546 2334 745 2401 diceretur:
771 2358 843 2398 cum
867 2359 922 2399 vos
945 2337 1036 2400 sicut
1059 2335 1152 2400 Deus
1182 2335 1298 2401 docere

120 2443 281 2528 coeperit,
307 2444 422 2506 omnia
446 2465 534 2531 quae
556 2465 612 2505 cos
636 2440 777 2520 docebit,
798 2440 838 2505 de
858 2465 926 2506 meo
943 2465 975 2508 ce
993 2442 1115 2507 babere
1130 2457 1299 2506 monstru-

122 2549 206 2613 bit»
230 2548 398 2636 Fulgent.
420 2559 511 2615 cont.
530 2548 678 2614 Fabian.
700 2550 827 2635 fragm.
847 2549 902 2616 27.

188 2655 229 2723 3¹⁰
254 2657 409 2746 Denique
433 2655 609 2723 Macarius
626 2655 662 2721 in
681 2657 754 2722 suis
772 2656 1123 2723 commentationibus
1140 2657 1185 2723 ad
1205 2658 1297 2723 bunc

118 2763 225 2832 etiam
249 2764 362 2831 locum
387 2764 436 2830 Io.
456 2764 555 2832 XVI.
576 2765 707 2845 13-15‚
735 2787 835 2854 quem
861 2787 1052 2847 versamus,
1079 2765 1122 2831 ab
1148 2766 1297 2852 indigna

118 2872 185 2940 illa
208 2869 428 2940 scurrilitate
444 2872 513 2937 iam
529 2873 691 2959 superius
716 2883 890 2959 expuncta
915 2872 982 2938 sici
1012 2882 1204 2960 temperare
1230 2895 1297 2938 non

115 2979 246 3068 potuit.
275 2979 374 3060 Quod
399 2979 429 3044 si
454 2983 591 3062 omnia,
619 2979 757 3069 inquit,
785 3003 1020 3069 quaecumque
1045 2980 1149 3048 babet
1173 2981 1292 3062 Pater,

115 3099 204 3157 sunt
225 3088 332 3156 etiam
355 3087 455 3168 Filii,
475 3089 555 3156 inde
569 3111 792 3177 nconsequens
817 3090 917 3170 foret,
940 3087 1073 3154 Filium
1099 3112 1172 3154 esse
1198 3089 1300 3174 inge·

117 3197 261 3280 nitum,
286 3204 322 3263 et
346 3196 509 3284 genuisse
533 3219 568 3263 se
593 3197 730 3282 ipsum;
759 3195 914 3262 vicissim
939 3195 1078 3261 Patrem
1103 3219 1177 3261 esse
1202 3196 1298 3282 geni·

115 3313 206 3387 tum,
232 3314 268 3371 et
291 3307 348 3391 (ut
373 3306 435 3371 boc
461 3304 534 3370 loco
558 3303 672 3384 addit)
696 3324 769 3370 csse
795 3303 1018 3369 incarnatum
1036 3303 1130 3369 sicut
1146 3302 1292 3370 Filium.

186 3412 255 3480 Sed
280 3412 418 3478 omnino
449 3417 566 3477 manet
588 3411 625 3475 in
649 3420 853 3491 aeternum,
880 3409 970 3500 quod
1006 3410 1099 3476 dixit
1135 3410 1296 3476 veritas:

118 3550 136 3585 a
153 3522 269 3586 omnia
293 3542 522 3609 quaecumque
546 3519 645 3583 babet
666 3518 783 3596 Pater,
800 3541 873 3580 mec
887 3531 988 3597 surm,-
1007 3527 1190 3604 propterea
1205 3516 1296 3599 dixi,

116 3630 205 3719 quia
229 3624 270 3692 de
293 3650 362 3691 meo
379 3625 538 3714 accipiet,
557 3651 572 3686 n
595 3625 681 3691 Tria
699 3624 755 3690 his
772 3625 889 3691 verbis
906 3625 1086 3692 dicuntur.
1108 3630 1143 3708 a)
1162 3624 1202 3689 In
1219 3624 1299 3691 Tri-

116 3737 235 3804 nitate
258 3745 313 3804 est
336 3736 441 3803 Pater
464 3734 564 3817 Filii,
584 3740 619 3800 et
642 3732 760 3799 Filius
785 3731 916 3812 Patris,
936 3754 996 3798 seu
1022 3731 1135 3819 prima
1152 3752 1299 3817 persona

115 3846 226 3913 Pater
250 3849 396 3932 generat
419 3841 605 3909 secundam
630 3861 811 3927 personam
835 3839 983 3906 Filium:
1012 3839 1118 3903 Pater
1135 3838 1248 3918 babet,
1265 3851 1298 3903 et

114 3975 179 4040 eqo
204 3951 322 4018 Filius
347 3950 462 4029 babeo,
490 3948 581 4038 quod
605 3948 689 4013 aliis
714 3947 831 4014 verbis
857 3946 951 4013 dixit
974 3945 1026 4011 Io.
1041 3945 1085 4011 X.
1103 3945 1159 4011 3οι
1180 3970 1239 4034 eqo
1265 3959 1297 4010 et

117 4062 230 4127 Pater
251 4079 377 4123 aremus.
403 4054 623 4122 Paternitate
647 4076 743 4141 ergo,
771 4075 917 4144 quacum
942 4052 1184 4119 identificatur
1209 4053 1300 4119 ratio

111 4168 254 4257 primae
267 4185 432 4252 personae
447 4185 507 4228 seu
527 4163 720 4248 inpunitum
738 4183 817 4239 esse,
836 4171 871 4226 et
889 4158 1060 4226 filiatione
1076 4161 1300 4227 constituun-

118 4282 183 4342 tur
207 4272 397 4339 distinotae
422 4291 600 4358 personae.
629 4267 661 4350 b)
686 4266 761 4332 Hac
785 4265 860 4329 coia
881 4265 1022 4332 formali
1040 4268 1176 4333 ratione
1196 4275 1231 4333 et
1248 4290 1300 4334 re·

119 4379 255 4450 latione
278 4378 399 4447 Patris
422 4378 467 4446 ad
489 4377 635 4460 Filium,
661 4373 750 4442 Filii
773 4373 818 4441 ad
841 4374 984 4445 Patrem
1008 4375 1296 4465 distinguuntur3
