3120 4988
669 339 707 350 -
728 296 824 365 61¹-

156 426 297 503 cumque
332 411 439 480 babet
462 411 645 500 Spiritus,
673 434 694 478 a
717 412 832 481 Verbo
856 412 994 480 habet»
1020 412 1154 481 Athen.
1185 436 1237 485 or.
1255 415 1326 485 111.

155 517 520 589 conternante.
549 522 705 612 aNeque
737 519 809 585 elia
845 521 1046 587 substantia
1081 527 1135 589 est
1170 523 1327 610 Spiritus

152 627 288 708 praeter
313 626 368 708 id,
395 627 485 714 quod
510 626 615 694 datur
639 628 672 695 ei
698 649 718 693 a
741 627 870 693 Filios
897 628 1102 716 Didym;·n.
1120 627 1175 697 37.
1206 629 1326 698 «Filii

51 722 56 731 ¹
152 731 312 820 proprius
336 733 492 823 Spiritus
516 758 594 803 cum
618 735 791 817 omnibus,
819 755 906 825 qnae
930 736 1083 822 perfecte
1101 735 1217 819 habet,
1237 737 1326 805 acci·

150 861 225 925 pere
239 839 387 924 dicitur,
403 866 490 934 quas
503 850 587 911 sunt
603 843 736 911 illius»
755 842 884 930 Cyrill.
901 843 938 909 in
956 842 1006 909 Io.
1026 867 1062 930 p.
1076 843 1153 911 930.
1175 872 1192 907 a
1207 844 1326 914 Solius

151 954 199 1016 est
224 948 383 1037 Spiritus
408 951 530 1019 Sancti
555 953 596 1020 de
621 953 727 1018 Patre
751 956 787 1018 et
808 950 904 1018 Filio
927 950 1122 1038 proprietas
1153 952 1224 1018 ista
1246 974 1322 1039 pro·

150 1055 325 1141 cessionis,
353 1058 454 1125 cuius
478 1065 532 1127 est
555 1083 632 1127 cum
658 1060 766 1126 Patre
790 1065 826 1125 et
840 1056 935 1124 Filio
958 1063 1087 1125 natura
1110 1061 1323 1126 communis»

147 1163 315 1252 Fulgent.
343 1168 470 1254 fragm.
490 1167 546 1234 27.

210 1273 286 1341 Imo
310 1295 337 1342 s.
357 1273 514 1364 Basilius
548 1274 681 1341 diserte
705 1280 740 1341 et
764 1275 889 1340 Patres
913 1273 978 1339 alii
1003 1272 1128 1340 saltem
1151 1272 1325 1343 indirecte

44 1368 47 1373 ¹
143 1380 253 1468 (apud
277 1377 462 1447 Petavium
485 1378 884 1463 l.V11.c.14.n.11),
911 1402 994 1468 prae
1018 1381 1131 1449 oculis
1156 1382 1325 1451 babentes

139 1488 377 1557 oeconomiam
401 1487 690 1571 semicinctis,
718 1495 884 1556 statuunt
908 1488 972 1556 hoc
987 1490 1200 1579 principium
1224 1514 1326 1579 gene·

140 1594 239 1662 rale:
259 1595 346 1662 duos
362 1595 455 1663 inter
480 1618 515 1662 se
533 1596 852 1687 consubstantiales
868 1595 938 1663 dici
953 1618 1022 1662 non
1039 1619 1137 1684 posse
1154 1599 1196 1665 ob
1213 1599 1321 1666 solam

141 1702 317 1769 unitatem
340 1706 506 1785 naturae,
521 1703 552 1769 si
577 1704 676 1769 ambo
700 1724 774 1769 eam
792 1701 944 1771 habeant
960 1705 1003 1769 ab
1021 1705 1091 1771 alio
1109 1706 1218 1772 tertio
1235 1729 1325 1773 com-

145 1809 377 1896 municatam;
405 1810 465 1878 sed
490 1810 533 1876 ad
557 1810 621 1900 boo
645 1793 783 1878 necesse
806 1833 895 1894 esse,
916 1817 956 1879 ut
980 1819 1112 1879 natura
1135 1815 1323 1880 communi-

146 1920 226 1983 cata
250 1916 300 1982 sit
323 1915 366 1981 ab
390 1937 457 1982 uno
482 1916 599 1983 alteri.
627 1916 816 2004 Propterea
838 1917 952 2000 siunt,
980 1919 1111 1986 fratres
1135 1942 1203 1986 non
1228 1900 1326 1993 recte

146 2022 462 2090 consubstantiales
486 2023 556 2091 dici
581 2045 692 2109 posse,
713 2047 774 2092 nec
799 2026 1116 2092 consubstantiales
1133 2028 1207 2094 fore
1233 2028 1322 2095 duas

147 2151 309 2216 personas
332 2130 370 2198 in
395 2130 457 2198 SS.
478 2131 678 2214 Trinitatc,
706 2133 791 2200 licet
821 2133 963 2200 eandem
998 2139 1162 2201 naturam
1194 2136 1321 2204 habere

148 2245 401 2329 supponantur,
420 2240 491 2305 nisi
516 2262 586 2306 una
608 2240 775 2326 procedat
796 2242 840 2306 ab
864 2239 990 2308 altera.
1016 2242 1108 2310 Hinc
1125 2265 1186 2331 per
1210 2244 1320 2330 ipsam

147 2345 434 2432 praedicationem
460 2347 835 2413 consubstantialitatis
860 2349 954 2418 inter
971 2350 1113 2417 Patrem
1135 2358 1170 2418 et
1186 2351 1320 2420 Filium

148 2453 353 2521 confutatur
375 2452 468 2520 illud
492 2455 688 2523 convicium
712 2455 939 2540 Arianorum,
958 2458 1019 2547 qui
1037 2461 1244 2526 sententiam
1264 2483 1318 2530 ca-

148 2558 312 2627 tholicam
335 2560 388 2627 ita
412 2561 748 2649 interpretabantur,
770 2586 811 2630 aa
836 2564 866 2630 si
889 2565 1040 2652 primum
1064 2575 1320 2654 supponeretur

149 2688 213 2734 una
235 2673 366 2734 natura
390 2667 523 2753 diviua,
545 2692 647 2760 quam
671 2671 927 2758 participarent
940 2672 1047 2738 Pater
1062 2672 1226 2739 etFilins
1243 2676 1319 2743 sine

145 2776 356 2862 processione
374 2775 481 2843 huius
506 2778 549 2842 ab
566 2777 641 2863 illc;
661 2776 725 2844 hoc
742 2778 852 2861 modo,
869 2779 923 2844 ait
937 2777 1110 2863 Basilius,
1130 2780 1217 2846 duas
1236 2781 1319 2848 illas

145 2904 309 2970 personas
332 2884 464 2950 fratres
488 2885 575 2966 fors,
593 2906 811 2974 nequaquam
835 2892 952 2952 antem
970 2888 1318 2955 consubstantialita-

143 2994 208 3056 tem
232 2989 328 3058 inter
343 3013 400 3056 eos
416 2989 574 3078 intelligi
598 3013 708 3078 posse,
729 3014 817 3082 quac
835 2992 1006 3079 originem
1024 2994 1131 3060 unius
1147 2995 1189 3060 ab
1206 2995 1318 3062 altero

143 3095 306 3162 includit.
335 3096 444 3166 aNon
469 3097 560 3163 enim
585 3119 671 3186 quae
696 3098 849 3164 fratrum
873 3099 966 3165 inter
991 3101 1224 3167 serationem
1257 3102 1316 3167 ba-

143 3205 234 3289 bent,
261 3205 429 3273 dicuntur
453 3205 785 3288 consubstantialia,
801 3206 837 3272 id
855 3208 944 3296 quod
970 3208 1112 3297 quidam
1130 3232 1316 3296 supposue-

142 3320 244 3399 runt;
269 3312 332 3379 sed
356 3336 433 3379 oum
457 3318 494 3379 et
517 3334 623 3378 causa
647 3319 684 3379 et
709 3313 744 3380 id
770 3315 861 3404 qnod
884 3337 925 3380 ex
959 3337 1064 3381 causa
1088 3317 1316 3383 existentiam

142 3418 257 3502 habet,
276 3418 429 3487 eiusdem
443 3410 526 3485 sunt
550 3427 710 3502 naturae,
727 3423 1043 3490 consubstantialia
1064 3423 1250 3490 dicuntur»
1264 3424 1316 3510 (1)

141 3524 249 3593 Basil.
270 3548 323 3613 ep.
342 3525 386 3591 52
410 3526 472 3613 (al.
492 3525 572 3610 300)
598 3527 641 3593 ad
665 3527 859 3596 Canonicas
875 3554 910 3595 n.
932 3529 963 3597 1.
984 3531 1017 3598 2.
1046 3531 1218 3620 Quisquis
1232 3555 1316 3621 ergo

140 3636 246 3720 negat
271 3632 444 3721 Spiritum
468 3635 687 3720 procederes
704 3635 809 3719 Filio,
829 3638 859 3702 is
875 3645 982 3723 negat
999 3661 1072 3705 eam
1090 3642 1316 3708 consubstan-

138 3738 340 3822 tialitatem,
367 3761 470 3829 quam
495 3740 603 3807 solam
629 3744 752 3810 Patres
772 3744 807 3808 in
825 3742 887 3809 SS.
909 3743 1088 3811 Trinitate
1107 3767 1222 3812 veram
1241 3771 1316 3818 esse

138 3844 262 3912 docent
286 3845 469 3934 (quidquid
497 3846 594 3913 dicas
610 3848 651 3915 de
669 3843 1041 3918 consubstantialitate
1058 3852 1094 3917 in
1112 3858 1313 3943 creaturis),

137 3956 170 4018 et
190 3973 236 4019 ex
261 3956 374 4017 mente
389 3950 518 4017 Basilii
543 3952 647 4020 simul
663 3953 815 4022 affirmat
831 3956 923 4022 inter
939 3955 1072 4024 Filium
1090 3965 1126 4026 et
1139 3959 1314 4048 Spiritum

131 4056 294 4144 fratrum
317 4060 497 4140 rationem,
515 4081 617 4148 quam
636 4059 885 4149 blasphemiam
901 4062 1006 4132 iidem
1023 4062 1093 4133 PP.
1114 4068 1314 4155 saepissime

206 4216 250 4292 (l)
271 4217 312 4274 Ου’
331 4241 382 4291 γαρ
403 4243 437 4272 τα
453 4220 559 4292 distica
576 4221 708 4283 ἀλληλοις
726 4222 857 4291 ὁμοουσια
868 4230 986 4295 lepreon,
1004 4226 1067 4300 ὅπερ
1081 4251 1148 4291 τινες
1167 4231 1313 4300 instanta-

137 4332 186 4376 ott,
206 4307 271 4364 ἄλλ’
291 4309 354 4364 ὁταν
382 4331 425 4363 και
448 4331 476 4362 ro
499 4310 584 4364 ot’tttot
613 4334 655 4364 και
679 4333 708 4363 το
732 4311 759 4366 ἐκ
784 4333 828 4366 του
852 4311 938 4367 citeron
956 4317 1017 4376 ’την
1045 4318 1154 4391 ὁπαρξιν
1176 4319 1239 4389 ἕχον
1265 4340 1312 4381 της

29 4462 32 4466 ,
135 4397 219 4462 doras
241 4400 352 4471 ὑπαρχῃ
374 4414 482 4471 enasor,
504 4401 635 4472 o‘paoooota
653 4409 771 4474 asperat.
