3120 4988
688 407 726 421 -
748 374 804 438 291
828 407 865 422 -
969 405 975 415 x

194 478 361 548 rationem
379 509 394 544 n
413 479 463 567 (1)
480 479 657 567 (or.41.n.
668 481 700 551 9.
720 481 766 550 cf.
786 480 905 552 cr.ss4.
922 504 956 550 n.
973 482 1057 568 10.).
1069 481 1169 552 Licet
1185 505 1300 553 omnes
1316 485 1361 554 si-

194 586 412 656 militudines
435 588 508 655 sint
531 588 743 674 deficientes,
762 591 974 660 adferuntur
996 596 1114 663 tamen
1131 595 1233 664 velut
1257 617 1361 689 quae·
1457 587 1461 598 ’

194 696 269 764 dam
286 695 458 785 imagines
472 695 677 788 Trinitatis:
694 725 710 759 α
725 698 859 784 oculus,
875 702 965 785 fons,
980 700 1113 772 fluvius
1127 733 1143 768 n
1158 703 1358 795 (ὀφθαλμος,

194 809 487 902 πηγη,ποταμος);
508 834 524 867 ιι
542 805 606 891 sol,
625 806 760 888 radice,
775 806 838 875 lux
854 839 870 872 n
886 812 1007 899 (ἣλιος,
1031 812 1138 896 icccc,
1158 836 1222 903 φως
1236 836 1287 882 on.
1302 814 1357 882 31.

194 939 227 981 n.
246 914 303 983 31.
323 913 407 1000 32).
438 915 532 982 Haec
556 915 671 983 omnia
706 914 835 984 recitat
858 916 963 985 etiam
986 919 1214 1008 Langenius,
1244 922 1362 993 fassus

194 1024 281 1115 quod
308 1029 460 1091 ceterum
495 1023 638 1092 evidens
661 1026 736 1107 est,
767 1024 884 1093 eadem
908 1046 984 1094 esse
1019 1026 1158 1115 gemina
1190 1031 1363 1123 communi

193 1130 408 1220 reliquorum
424 1131 569 1222 Petrum
585 1131 775 1201 doctrinae.
795 1131 916 1224 Neque
934 1155 1054 1202 verum
1078 1141 1143 1220 est,
1164 1138 1254 1226 quod
1270 1139 1362 1206 Lan-

192 1238 316 1328 genius
340 1243 444 1329 putat
466 1243 513 1328 (p.
533 1239 620 1330 to),
640 1239 849 1330 Gregorium
872 1241 1007 1311 intuitu
1031 1243 1363 1320 Pneumatomachc-

193 1370 269 1414 rum
292 1345 522 1424 asserentium
546 1348 754 1417 creationem
778 1347 936 1439 Spiritus
959 1373 1021 1438 per
1043 1349 1190 1436 Filium,
1215 1351 1284 1420 sibi
1308 1375 1361 1421 ca·

192 1455 284 1524 visse
309 1454 352 1522 ab
375 1453 608 1544 expressione,
628 1477 716 1548 quae
732 1461 788 1545 (ut
805 1457 871 1544 ait)
895 1457 1001 1525 etiam
1018 1458 1055 1526 in
1080 1458 1276 1550 Scripturis
1292 1483 1361 1530 non

193 1567 324 1646 exstat,
343 1560 518 1652 Spiritum
540 1563 725 1652 procedere
743 1588 808 1652 per
833 1565 966 1631 Filium
978 1590 993 1647 ,-
1020 1565 1110 1634 hanc
1134 1566 1226 1634 enim
1249 1567 1360 1658 ipsam

193 1670 391 1739 unanimem
415 1673 560 1740 Petrum
584 1672 792 1741 sententiam
816 1672 971 1742 vidimus
995 1680 1117 1764 (supra
1145 1681 1266 1744 contra
1288 1676 1361 1759 Ma·

192 1779 326 1846 carium
349 1801 383 1868 p.
403 1778 482 1865 160)
506 1778 637 1847 diserte
660 1800 681 1846 a
705 1778 876 1869 Gregorio
900 1781 1109 1871 repetitam:
1142 1807 1157 1841 a
1190 1805 1231 1849 ec
1254 1784 1362 1852 Patre

188 1909 250 1975 per
275 1887 410 1954 Filium
433 1889 471 1952 in
496 1910 655 1976 moyseum
678 1889 850 1976 Spiritum
873 1889 970 1955 sistit
994 1887 1177 1958 dicicitur.
1201 1920 1217 1953 n

257 1995 361 2063 Nunc
385 2017 467 2066 vero
501 2001 580 2086 post
603 1995 674 2064 ista
709 1997 823 2064 omnia
854 1997 1054 2088 disputator
1087 1997 1287 2068 Bonnensis
1310 2021 1363 2068 re·

194 2110 297 2194 pente
313 2109 349 2172 et
364 2103 465 2174 velut
480 2125 523 2172 ex
543 2104 690 2193 abrupto
708 2105 896 2190 concludit,
918 2133 934 2166 u
953 2105 1162 2194 Gregorium
1181 2106 1219 2175 in
1236 2129 1364 2197 magna

194 2213 457 2302 perturbatione
492 2233 574 2281 suae
609 2212 738 2281 aetatis
772 2213 885 2305 quoad
917 2212 1109 2283 doctrinam
1145 2213 1186 2283 de
1221 2213 1359 2304 Spiritu

195 2323 322 2392 Sancto
338 2321 419 2392 ·hoc
443 2343 548 2390 unum
579 2321 776 2411 dogmatice
813 2328 946 2390 certum
979 2321 1157 2408 tenuisse,
1187 2321 1362 2412 Spiritum

196 2433 362 2500 Sanctum
385 2453 460 2499 esse
484 2430 816 2499 consubstantialem
832 2429 932 2498 Patri
956 2451 996 2499 ac
1011 2429 1117 2516 Filio,
1135 2438 1172 2499 et
1195 2431 1361 2522 hyposta-

193 2541 245 2608 sin
270 2563 333 2630 per
367 2561 403 2608 se
431 2539 677 2608 subsistentem
713 2537 819 2608 unius
855 2537 1001 2606 deitatis
1030 2561 1072 2625 »3
1103 2538 1208 2630 idque
1233 2541 1360 2609 asserit

190 2650 381 2733 Professor,
413 2637 597 2739 postquam
624 2632 729 2736 paulo
762 2646 926 2737 superius
953 2646 1113 2732 dixerat,
1147 2647 1356 2736 Gregorium

191 2757 354 2826 habuisse
378 2755 595 2847 propositum
612 2754 652 2823 de
677 2753 814 2846 Spiritu
838 2754 1000 2822 Sancto«
1029 2752 1121 2820 nihil
1145 2754 1265 2823 docere
1288 2754 1360 2822 nisi

191 2865 327 2932 omnino
351 2869 447 2933 certa
469 2868 506 2932 et
529 2864 565 2932 in
583 2861 787 2953 Scripturis·
804 2867 967 2943 contenta
985 2891 1015 2946 n,
1034 2861 1247 2952 eundemque
1270 2861 1359 2929 mul·

190 2974 236 3042 tis
260 2975 297 3041 in
314 2972 401 3043 locis
417 2972 575 3042 docuisse
595 2999 610 3032 c
629 2991 840 3039 communem
859 2969 1068 3040 sententiam
1087 2999 1103 3034 n
1122 2968 1164 3037 de
1186 2969 1358 3038 relatione

191 3104 356 3172 personae
381 3081 506 3151 tertiae
530 3080 574 3149 ad
598 3078 806 3164 secundam,
837 3083 898 3147 seu
922 3078 967 3147 ad
1000 3076 1147 3168 primam
1174 3100 1356 3168 personam

191 3213 251 3281 per
275 3191 472 3259 secundam.
676 3278 679 3282 ¹

166 3301 169 3308 '
253 3298 417 3366 Hilarius
434 3302 539 3385 (teste
553 3295 748 3385 Langenio)
766 3294 975 3364 sententiam
992 3293 1033 3362 de
1045 3293 1262 3385 processione
1278 3295 1356 3384 Spi-

191 3407 283 3474 ritus
297 3406 419 3475 Sancti
434 3427 455 3472 a
471 3405 575 3473 Patre
590 3427 652 3495 per
666 3403 812 3488 Filium,
829 3410 865 3472 et
881 3402 1054 3491 Spiritum
1069 3402 1225 3492 accipere
1242 3403 1359 3470 omnia

190 3515 333 3599 aFilio,
353 3513 478 3582 habuit
501 3513 742 3600 certissimam3
764 3516 952 3580 esttamen
974 3511 1048 3601 ipse
1064 3511 1227 3578 Hilarius
1251 3532 1357 3610 agno·

192 3624 264 3707 vit,
292 3621 337 3690 ad
361 3621 555 3690 doctrinam
579 3619 758 3697 Ecclesiae
782 3619 920 3711 proprie
944 3619 1072 3688 dictam
1101 3619 1257 3688 sufficere
1282 3641 1359 3709 prc-

191 3730 375 3799 fessionem
400 3727 601 3797 divinitatis
618 3727 775 3818 Spiritus
792 3727 926 3796 Sancti.
947 3757 962 3789 n
981 3728 1144 3794 Probatio
1169 3728 1278 3795 mirae
1294 3726 1358 3794 hu·

188 3839 244 3907 ius
268 3831 510 3906 distinctionis
533 3837 625 3926 apud
649 3835 826 3904 Hilarium
851 3839 1011 3923 repertae
1033 3834 1086 3902 ita
1109 3833 1227 3904 habet.
1258 3835 1354 3900 cHi-

189 3946 302 4015 larius
326 3945 378 4014 ait
401 3946 457 4033 (de
482 3945 581 4014 Trin.
600 3944 684 4012 XII.
703 3967 738 4011 n.
757 3941 843 4027 56.),
862 3942 1009 4010 Paulum
1034 3941 1075 4010 da
1109 3942 1247 4031 Spiritu
1273 3940 1360 4009 San-

189 4060 242 4123 cto
267 4053 493 4122 sufficientem
509 4052 577 4121 sibi
602 4051 893 4142 significationem
910 4071 983 4117 eam
1017 4050 1248 4140 existimasse,
1267 4050 1358 4141 quod

188 4162 282 4232 hunc
307 4161 479 4248 Spiritum
503 4161 621 4229 Patris
644 4160 794 4245 diceret3
825 4179 932 4250 quare
968 4157 1090 4226 subdit
1111 4156 1295 4246 Hilarius,
1322 4182 1358 4228 se
1470 4174 1472 4179 ’

260 4324 302 4401 (l)
322 4327 378 4380 ὁυδε
394 4347 445 4398 γαρ
460 4326 566 4396 ἔπρεπεν
581 4321 713 4379 tauerner
727 4316 823 4382 cesebi
840 4322 893 4375 tirou
908 4343 985 4393 πατρι
999 4320 1016 4381 ri
1029 4341 1134 4393 πνευμα
1149 4321 1247 4390 dupin...
1269 4341 1359 4374 curra

470 4414 476 4430 ἰ

190 4439 241 4470 cccc
262 4418 274 4470 ὀ
295 4437 390 4486 ussup,
403 4436 447 4468 του
463 4435 528 4479 utcu,
541 4421 612 4473 πλην
630 4435 677 4477 της
696 4415 862 4486 ἀγεννησιας·
883 4435 971 4468 παντα
992 4433 1044 4466 coa
1064 4436 1076 4466 ο
1098 4433 1165 4477 croc,
1184 4431 1229 4464 του
1243 4431 1359 4482 πνευμα-

169 4565 172 4568 4
191 4527 249 4573 τος,
269 4513 338 4564 πλην
360 4526 405 4566 της
425 4526 575 4576 percussos.
