3120 4988
734 337 770 353 -
791 302 849 369 187
870 337 908 351 -

230 411 364 497 potest,
379 411 442 504 qni
452 408 641 482 tristo1iam
654 409 755 481 illins
766 410 932 502 temporis
944 416 981 480 et
992 412 1125 502 scripta
1137 410 1403 502 ipsiusAlcuini

232 521 454 608 expenderit.
471 520 797 591 MonetFrobenius
807 522 951 591 Forster
962 522 1109 592 Alcuini
1124 545 1264 613 operum
1277 526 1403 611 editor,

235 647 254 686 a
271 627 421 714 primurn
443 634 481 698 et
504 629 728 720 praecipuum
751 629 931 718 negotium
956 630 1046 722 quod
1063 632 1201 700 beatum
1211 632 1404 701 Alcuinum

235 747 259 795 a
280 733 403 803 (larcio
426 734 474 804 Μ.
500 756 543 804 ex
566 735 701 826 Anglia
722 736 760 803 in
782 734 969 805 Franciam
1000 744 1181 806 evocatum
1204 739 1403 828 occupavit,

237 834 347 910 fuisse
370 842 665 933 oppugnationem
687 864 811 929 novae,
830 867 918 935 quae
941 850 1026 913 tunc
1042 844 1078 911 in
1093 845 1267 934 Hispania
1283 851 1406 915 exorta

238 939 278 1010 in
297 947 481 1019 Franciam
496 972 631 1042 qnoque
646 950 804 1041 grassari
817 951 941 1042 eoepit,
960 959 1074 1020 sectae
1088 952 1402 1041 Adoptianorum.s

241 1049 366 1126 Contra
388 1057 479 1128 hanc
501 1066 631 1128 sectam
655 1058 801 1149 scripsit
825 1082 905 1128 suos
927 1058 1051 1145 libros,
1078 1060 1188 1151 primo
1213 1082 1319 1128 unum
1349 1061 1408 1129 de·

245 1157 322 1232 inde
342 1171 472 1256 septem
495 1166 665 1236 adversus
687 1166 840 1236 Felicem
856 1166 1130 1256 Urgellitanum,
1151 1174 1302 1259 quatuor
1317 1167 1407 1236 alios

250 1267 406 1341 adversus
439 1272 654 1363 Elipandum
684 1273 914 1359 Toletenum,
939 1274 1126 1366 pluresque
1160 1275 1338 1366 epistolas.
1363 1274 1406 1343 In

253 1369 339 1448 hisce
358 1380 507 1471 scriptis
525 1381 568 1449 de
590 1381 868 1471 Adoptianorum
893 1403 1020 1451 «nova
1044 1391 1180 1468 sectas
1207 1383 1249 1452 de
1275 1382 1406 1452 «novis

255 1487 481 1574 nominibus»
506 1489 550 1559 de
566 1489 787 1580 «Hispanico
810 1511 939 1575 errore,
957 1516 974 1552 n
992 1491 1035 1559 de
1054 1491 1214 1560 doctrina
1230 1491 1408 1560 contraria

250 1613 277 1653 a
291 1596 446 1667 catholico
477 1597 692 1668 universalis
720 1596 900 1667 Ecclesiae
924 1599 1116 1688 symbolon
1142 1600 1266 1669 iisdem
1298 1622 1407 1693 paene

257 1703 357 1774 verbis
370 1704 542 1797 loquitur,
562 1727 649 1797 quae
666 1727 708 1774 ex
724 1704 872 1795 epistola
888 1706 931 1774 ad
947 1706 1201 1796 Lugdunenses
1217 1731 1238 1776 a
1254 1709 1409 1780 Macerio

253 1803 407 1883 citantur.
433 1811 476 1881 In
499 1812 649 1904 epistola
672 1814 716 1882 ad
740 1812 956 1882 Laidradum
979 1815 1178 1906 episcopum
1196 1818 1410 1907 Lugdunen-

249 1928 326 2003 sem,
348 1943 449 2013 quem
472 1920 577 1989 etiam
594 1921 631 1989 in
647 1920 713 1991 illa
735 1921 780 1991 ad
803 1922 1054 2012 Lugdunenses
1077 1947 1098 1992 a
1121 1925 1273 1993 Macerio
1297 1926 1410 1996 citata

244 2025 413 2114 nominat,
440 2026 583 2098 mittens
615 2033 765 2120 quatuor
788 2029 899 2097 libros
922 2037 1044 2099 contre
1066 2030 1280 2122 Elipandum
1311 2054 1409 2102 suam

231 2139 307 2208 ΡΝ
326 2135 392 2205 ilde
415 2135 656 2206 meridionalis
671 2136 808 2205 Galliae
825 2137 1100 2207 sollicitudinem
1116 2139 1282 2230 explicat.
1303 2169 1320 2206 a
1337 2140 1410 2209 Ma·

234 2229 493 2315 timorosum
527 2244 768 2314 sanctissimae
802 2245 982 2314 dilectioni
1005 2246 1042 2315 in
1067 2246 1132 2315 hac
1156 2249 1275 2337 gratia
1299 2272 1410 2318 meum

227 2343 365 2421 sudare
388 2352 627 2443 ingenium...
646 2360 762 2422 ratum
787 2353 952 2439 arbitror,
966 2378 1009 2420 as
1023 2356 1139 2423 vicino
1155 2359 1264 2446 pestis
1279 2357 1412 2447 Hispo·

223 2446 311 2520 '⁸5⁰⁸'
336 2463 462 2528 moris
497 2460 694 2554 aliquorum
718 2464 811 2530 inter
832 2486 889 2530 vos
912 2478 1036 2531 mentes
1060 2465 1235 2534 maculare
1256 2467 1408 2534 volenes

217 2548 375 2658 (Migns
397 2569 441 2638 u.
459 2568 518 2640 cs.
536 2595 572 2661 p.
590 2570 698 2656 seur
724 2571 767 2638 In
790 2570 894 2639 uera
919 2580 1041 2640 eontra
1058 2573 1272 2664 elipandum
1296 2574 1411 2643 recra-

215 2673 317 2758 rat,
343 2701 405 2769 per
428 2678 621 2747 doctrinam
644 2679 686 2748 de
708 2677 802 2746 Filio
826 2679 891 2750 Dei
915 2680 1082 2769 adoptivo
1106 2680 1323 2750 contrarium
1346 2680 1413 2749 ali-

214 2777 329 2859 qnid
349 2786 432 2855 addi
461 2785 517 2857 vel
549 2786 659 2855 minui
683 2786 720 2855 in
746 2786 904 2877 symbolo
928 2788 1119 2860 Ecclesiae.
1156 2818 1172 2854 a
1199 2789 1269 2872 Qui
1292 2795 1410 2878 negat,

214 2884 463 2980 unigenitum
486 2895 552 2963 Dei
573 2893 706 2964 Filium
732 2919 796 2987 pro
819 2896 940 2965 mundi
966 2897 1081 2967 salute
1104 2896 1311 2966 crucifixum
1336 2917 1413 2965 esse

216 2991 306 3060 ⁸¹¹1)
332 3000 454 3070 Pontio
476 3002 610 3088 Pilato,
636 3025 778 3095 passum
802 3009 837 3074 et
861 3004 1057 3094 sepultum,
1083 3010 1119 3074 et
1141 3005 1250 3074 tertia
1280 3005 1336 3075 die
1360 3028 1412 3074 re·

218 3110 448 3195 Surrexisse,
475 3113 610 3178 omnino
635 3114 829 3179 contrarius
852 3126 902 3179 est
925 3112 1091 3180 catholico
1111 3113 1319 3180 universalis
1342 3112 1413 3180 Ee-

220 3199 366 3317 }letiue
386 3220 548 3310 symbolo,
565 3218 602 3288 in
626 3243 692 3311 quo
708 3223 880 3288 verissime
896 3218 1099 3286 decantatur
1114 3219 1176 3307 (1),
1196 3219 1281 3288 haee
1299 3219 1414 3287 omnia

222 3322 265 3376 ¹¹1
302 3327 488 3418 unigenito
509 3325 574 3395 Dei
596 3325 690 3394 Filio
721 3329 817 3397 facta
847 3348 953 3395 esser
980 3332 1086 3413 (cont.
1113 3326 1280 3418 Elipand.
1300 3324 1325 3395 1.
1345 3325 1409 3395 IV.

223 3428 263 3482 ¹²·
286 3423 359 3517 4.).
382 3433 539 3503 «Procul
562 3433 667 3502 dubio
690 3433 785 3503 alius
808 3433 958 3525 spiritus
980 3456 1041 3522 per
1057 3439 1092 3503 te
1109 3433 1290 3525 praedicat
1313 3433 1415 3504 chri-

221 3524 332 3606 ⁸i¹11n
359 3542 565 3634 adoptivum
580 3540 694 3609 filium
716 3546 753 3610 et
775 3540 1055 3632 nuncupativum
1078 3541 1201 3626 Deum,
1220 3540 1315 3609 alius
1332 3562 1413 3609 vero

304 3694 355 3780 (1)
373 3707 484 3761 Exilis
504 3704 532 3780 a)
547 3704 694 3773 discimus,
711 3705 786 3760 siout
805 3705 837 3759 in
856 3705 1009 3773 Hispania,
1030 3706 1073 3758 its
1092 3708 1122 3759 et
1139 3707 1170 3758 ln
1199 3705 1298 3770 regnis
1318 3701 1414 3757 Oaroli

216 3775 298 3830 ΜΘ
326 3810 437 3850 annum
455 3797 517 3864 800,
540 3795 651 3864 quando
669 3795 807 3849 Alcuinus
827 3797 896 3849 haec
915 3794 1043 3862 scripsit,
1058 3793 1115 3846 iam
1138 3793 1288 3847 decantari
1306 3809 1418 3847 consue-

213 3854 314 3924 ⁷¹⁸⁸0
345 3885 510 3952 symbolum,
524 3885 555 3937 iu
575 3899 630 3953 qno
649 3888 763 3938 constat
781 3883 872 3938 inisse
891 3884 1062 3952 particulam
1086 3882 1230 3950 Filioque·
1252 3879 1276 3951 t)
1306 3882 1417 3950 pariter

209 3949 249 3996 ⁰¹
276 3954 350 4026 his
367 3975 401 4029 ad
421 3975 581 4042 symbolum
601 3974 848 4042 appellationibus
876 3976 978 4026 contra
1004 3972 1182 4040 adoptianos
1211 3973 1415 4040 intelligimus.

206 4037 311 4102 ‘lund
344 4067 441 4119 narrat
459 4062 634 4118 Walalridus
653 4063 756 4119 Strabo
776 4059 925 4133 (derebus
945 4062 1012 4114 acci.
1028 4076 1054 4114 c.
1077 4061 1122 4114 22.
1138 4061 1234 4127 iligna
1262 4063 1295 4116 Τ.
1319 4063 1418 4116 CXIV.

199 4123 235 4176 p·
255 4129 360 4221 ⁹47l:
377 4153 479 4222 «apud
499 4153 596 4207 Gallos
615 4155 646 4206 et
665 4152 817 4205 Germanos
835 4152 901 4217 post
928 4148 1115 4203 deiectionem
1145 4149 1251 4204 Felicis
1281 4151 1420 4204 haeretici

193 4209 271 4338 §inb
306 4239 527 4300 gloriosissimo
547 4242 647 4296 (larcio
675 4242 846 4295 Francorum
874 4243 982 4293 rectore
1010 4238 1139 4292 damnati
1159 4236 1235 4309 (post
1262 4239 1419 4294 (loncilium

190 4300 807 4426 ,⁸¹t111·1irsncofurthienssnuntiet),
829 4330 904 4384 idem
932 4328 1090 4397 symbolum
1115 4331 1206 4384 latius
1234 4336 1264 4386 at
1291 4330 1418 4385 debrius

207 4393 235 4436 Π
264 4398 450 4480 mnarum
469 4426 563 4494 coepit
580 4423 679 4478 officiis
696 4422 809 4477 lteram.
826 4442 838 4472 n
