3120 4988
692 272 734 286 -
751 239 813 303 283
833 236 886 288 -'

186 353 228 413 et
252 347 392 429 tertius,
420 349 478 414 ubi
502 355 576 416 tres
600 356 694 417 sunt.
724 351 858 417 Tertiae
882 353 971 416 enim
996 365 1043 417 eet
1067 352 1222 439 Spiritus
1246 378 1268 419 c
1291 353 1360 421 Deo
1402 414 1407 424 .

193 454 333 541 (Patre)
357 470 389 521 et
414 455 532 539 Filio,-
555 457 648 525 sicut
671 459 801 526 tertius
817 484 836 526 a
852 459 968 528 radice
989 461 1128 528 fructus
1144 485 1186 529 ex
1211 463 1353 550 frutice,

195 571 232 630 et
254 563 383 630 tertius
406 587 427 630 a
451 566 546 632 fonte
563 565 663 634 rivus
687 590 728 634 ex
753 567 907 652 flumine,
927 577 961 638 et
981 570 1110 639 tertius
1133 596 1154 640 a
1178 573 1248 640 sole
1274 598 1359 663 apex

196 692 238 737 ex
262 672 371 739 radio.
397 673 497 743 Nihil
522 682 673 743 tamena
692 677 835 745 matrice
859 678 1048 763 alienatur,
1070 703 1089 746 a
1113 703 1182 770 qua
1205 682 1359 770 proprie·

183 783 288 845 *tates
313 802 394 846 suas
430 780 541 850 ducit.
566 781 623 849 Ita
647 783 807 850 Trinitas
837 808 900 873 per
933 799 1099 851 consertos
1130 800 1162 851 et
1197 810 1362 854 connexos
1463 857 1465 864 ,

197 884 325 972 predas
347 888 536 956 decurrens
558 898 594 958 et
618 891 837 959 monarchiae
860 892 950 958 nihil
975 894 1156 983 obstrepit,
1176 903 1210 963 et
1236 897 1362 962 icuovo-

199 1016 273 1081 μιας
299 1003 430 1063 statum
448 998 612 1086 protegit.
639 999 742 1064 Hono
765 1001 1051 1088 metropoleorum)
1065 1003 1274 1090 professum,
1289 1029 1365 1095 qua

198 1104 412 1191 inseparatos
430 1107 472 1171 ab
496 1107 663 1172 alterutro
681 1109 883 1194 (secundum
905 1109 1059 1177 ordinem
1083 1110 1243 1199 originis,
1263 1134 1363 1202 quem

197 1207 351 1305 dixerat)
374 1215 513 1281 Patrem
537 1230 569 1282 et
593 1216 724 1282 Filium
742 1233 772 1282 et
788 1219 960 1306 Spiritum
977 1232 1093 1302 testor,
1112 1233 1185 1286 tene
1200 1221 1360 1311 ubique»

192 1318 367 1404 (Tertull.
385 1330 507 1389 contra
530 1324 634 1392 Prax.
655 1347 684 1392 c.
703 1327 737 1394 4.
757 1325 819 1412 8.).

261 1427 328 1494 His
352 1428 436 1497 licet
458 1454 525 1498 non
549 1431 686 1521 integre
711 1433 914 1523 descriptis,
940 1433 1086 1523 Langen
1109 1434 1223 1502 adhuc
1248 1434 1358 1518 addit,

188 1534 458 1604 Tertullianum
491 1541 710 1609 considerare
745 1540 904 1610 internas
932 1543 1167 1630 processiones
1190 1543 1295 1611 etiam
1324 1541 1363 1609 in

182 1643 367 1713 relatione
390 1647 433 1714 ad
458 1649 674 1735 operationes
698 1649 742 1717 ad
767 1657 879 1734 extra,
902 1657 1007 1741 atque
1032 1651 1107 1720 ideo
1133 1675 1175 1719 ex
1199 1650 1362 1719 missione

183 1751 354 1840 Spiritus
378 1753 499 1822 Sancti
523 1776 543 1821 a
566 1757 671 1822 Patre
694 1764 730 1824 et
753 1756 847 1823 Filio
883 1757 1049 1826 deducere
1073 1759 1226 1827 eiusdem
1258 1759 1363 1826 etiam

181 1863 449 1950 processionem
474 1866 516 1933 ab
551 1873 709 1957 utroque.
737 1866 834 1948 Quae
859 1867 996 1958 quidem
1030 1868 1190 1936 doctrina
1214 1868 1244 1934 si
1270 1866 1363 1957 apud

183 1969 458 2040 Tertullianum
480 1974 658 2064 reperitur
675 1975 738 2063 (2),
755 1998 823 2043 non
840 1976 938 2043 aliud
955 1975 1111 2044 continet
1127 1998 1230 2068 quam
1253 1974 1361 2066 expli·

270 2211 314 2284 (1)
333 2211 530 2294 Tertullianus
543 2231 626 2282 saepe
637 2215 761 2268 inculcat
773 2212 820 2287 (de
832 2215 1005 2284 Praescript.
1026 2217 1104 2283 o.13;
1118 2215 1151 2269 de
1172 2215 1284 2270 veland.
1305 2217 1362 2269 vir-

183 2304 254 2370 gin.
271 2307 332 2372 c.1;
345 2308 421 2360 cont.
435 2307 519 2359 Prax.
534 2322 558 2360 c.
574 2302 615 2376 2.)
633 2305 821 2359 necessarlum
841 2322 903 2360 esso
922 2306 956 2359 ad
976 2309 1106 2374 salutem,
1120 2312 1153 2359 nt
1173 2310 1305 2360 teneatur
1323 2322 1363 2357 re-

184 2395 266 2460 puto
279 2392 367 2458 fidei,
396 2410 467 2460 qnae
486 2392 608 2468 (inquit)
633 2395 813 2448 uachristo
833 2395 973 2449 instituta
996 2397 1091 2449 nullas
1111 2396 1198 2449 habet
1217 2396 1292 2464 apud
1312 2411 1380 2448 noa¹

191 2483 398 2549 quaestiones,
420 2484 479 2536 nisi
497 2499 566 2550 quas
586 2484 719 2537 haereses
738 2486 883 2553 inierunt,
905 2490 1017 2552 atquae
1037 2486 1195 2539 haereticos
1214 2487 1361 2540 faciunt.»

188 2575 250 2629 Sed
274 2590 332 2627 non
350 2575 457 2642 ubique
476 2592 572 2629 omnes
591 2576 703 2630 easdem
721 2577 862 2631 veritates
888 2577 919 2628 in
939 2578 998 2630 ista
1015 2580 1115 2643 regula
1139 2578 1363 2645 comprehendit.

192 2665 320 2720 Videtur
340 2682 365 2719 e.
381 2682 407 2731 g.
423 2667 536 2720 tradere
555 2668 668 2735 plenam
686 2669 813 2733 regulam
832 2667 897 2719 fidei
918 2665 963 2738 (de
978 2668 1094 2721 veland.
1111 2669 1250 2734 virginib.
1267 2687 1289 2722 o.
1306 2663 1363 2738 1.);

191 2752 344 2808 concludit
363 2757 438 2807 enim
456 2756 555 2809 illam:
578 2757 657 2810 chao
675 2759 737 2822 lege
758 2757 823 2810 fidei
842 2750 985 2825 minente,
1007 2762 1100 2811 cetera
1118 2758 1174 2810 iam
1195 2757 1365 2825 disciplinae

193 2850 225 2900 et
246 2847 476 2900 conversationis
497 2847 654 2901 admittunt
677 2849 835 2902 novitatem
855 2849 1049 2904 correctionis.
1066 2870 1079 2896 n
1105 2849 1144 2900 nt
1165 2848 1197 2899 in
1216 2864 1249 2901 ea
1268 2847 1367 2911 regula

193 2953 231 2990 ne
252 2953 348 2991 omnes
368 2938 482 3004 quidem
502 2939 617 2992 articuli
638 2941 760 3006 symboli
779 2941 939 3007 Apostolici
958 2940 1151 3006 continentur,
1173 2952 1223 2991 nec
1243 2940 1303 2991 ulla
1322 2941 1367 2990 ast

194 3030 306 3084 mentio
325 3028 450 3097 Spiritus
470 3031 576 3097 Sancti,
601 3034 633 3082 ut
652 3030 686 3083 de
705 3031 774 3083 aliis
792 3030 859 3083 fidei
872 3030 1044 3083 veritatibus
1064 3029 1140 3081 nihil
1157 3029 1256 3082 dicam.
1277 3029 1366 3082 Nimi-

190 3136 260 3192 ¹rum
280 3119 355 3186 apud
375 3122 584 3174 Tertullianum
604 3122 678 3173 sicut
696 3121 770 3187 apud
785 3122 858 3173 alios
872 3122 983 3186 Patres,
1005 3134 1075 3185 quae
1094 3119 1125 3171 in
1144 3117 1303 3172 huiusmodi
1322 3133 1366 3170 re·

196 3211 294 3278 gulis,
323 3212 479 3279 symbolis,
509 3215 537 3263 et
556 3212 783 3278 expositionibus
802 3211 868 3263 fidei
893 3213 1035 3277 ponuntur
1045 3251 1051 3278 ,
1078 3211 1227 3276 pertinent
1252 3208 1365 3277 quidem
1401 3246 1405 3254 .

196 3301 304 3368 emnia,
327 3300 375 3353 sed
391 3318 449 3353 noa
461 3304 522 3353 solo
535 3301 569 3353 ad
589 3302 670 3354 fidem
684 3301 860 3354 credendam.
882 3302 940 3354 Hoc
953 3301 1126 3367 principium
1139 3300 1254 3354 obvium
1273 3304 1302 3351 et
1315 3312 1366 3365 per

197 3407 228 3444 se
247 3391 355 3443 clarum
369 3391 592 3459 Neoprotestans
612 3393 706 3444 noluit
724 3391 900 3458 intelligere,
921 3394 955 3442 ut
973 3390 1084 3443 scilicet
1102 3405 1152 3456 pro
1170 3390 1225 3441 fine
1238 3388 1365 3455 proximo

196 3486 242 3539 sui
261 3484 361 3537 libelli
380 3484 530 3537 articulum
550 3483 583 3536 de
602 3484 781 3549 processione
794 3460 924 3548 ¹Spiritus
938 3479 1036 3534 Sancti
1057 3479 1229 3546 eliminaret,
1250 3493 1365 3543 genera·

197 3575 250 3626 tim
264 3588 334 3627 vero
355 3576 387 3625 ut
406 3572 563 3626 necessitas
581 3572 648 3624 fidei
668 3573 702 3625 ad
722 3571 892 3639 paucissima
911 3586 943 3623 ac
959 3569 1072 3622 tandem
1091 3567 1127 3620 ad
1142 3568 1264 3620 nihilum
1283 3567 1364 3620 redu·
1385 3584 1392 3600 ·

198 3671 289 3718 catur.
315 3665 375 3716 lmo
393 3663 445 3716 hoc
464 3665 523 3716 loco
543 3678 625 3729 quem
644 3663 716 3716 citat
733 3658 823 3734 (cont.
836 3664 922 3716 Prax.
937 3678 960 3715 o.
971 3656 1022 3732 8.),
1034 3661 1151 3724 Langen
1171 3662 1259 3729 totam
1278 3659 1365 3714 istam

198 3753 348 3822 periodum
370 3753 425 3805 ade
445 3755 543 3818 regula
560 3753 775 3819 professionis»
797 3751 903 3803 omisit.

267 3838 312 3915 (2)
332 3842 431 3894 Potest
449 3841 558 3894 censeri
577 3842 725 3908 proposita
738 3841 795 3890 ista
810 3837 937 3891 doctrina
952 3853 974 3890 c.
990 3838 1016 3889 9.
1033 3839 1108 3888 cont.
1123 3836 1209 3888 Prax.
1225 3836 1271 3888 Ibi
1286 3839 1362 3902 post·

200 3948 283 3999 quam
302 3948 339 3985 ex
353 3934 488 3986 missione
507 3931 579 3984 Filii
599 3950 615 3986 a
632 3933 717 3985 Patre
738 3931 898 3983 declaravit
917 3928 1131 3981 distinctionem
1151 3930 1180 3980 et
1197 3928 1366 3981 relationem

198 4019 317 4076 duarum
336 4010 529 4088 persondrnm,
551 4022 615 4088 pari
633 4022 745 4074 ratione
765 4018 868 4072 deinde
888 4034 922 4070 ex
941 4019 1076 4070 missione
1095 4018 1220 4084 Spiritus
1233 4019 1329 4072 Sancti
1350 4036 1367 4071 a

194 4107 273 4168 lilio
301 4111 426 4164 eiusdem
448 4112 575 4178 Spiritus
590 4110 803 4164 distinctionem
815 4117 845 4162 et
857 4109 1024 4161 relationem
1038 4108 1073 4160 ad
1086 4108 1192 4160 Filium
1208 4107 1366 4161 concludit:

192 4217 204 4244 ⁸
219 4207 266 4258 sic
279 4201 371 4255 alium
390 4218 407 4254 a
422 4218 452 4255 se
465 4204 650 4268 Paracletum,
669 4199 804 4267 quomodo
819 4202 848 4251 et
861 4215 913 4252 nos
926 4195 971 4270 (in
985 4194 1233 4272 antecedentibus)
1252 4200 1366 4251 aPatre

186 4293 283 4347 alium
306 4291 432 4360 Filium,
455 4296 488 4344 ut
506 4291 616 4343 tertiam
635 4291 752 4358 pandion
772 4289 935 4344 ostenderet
957 4289 988 4339 in
1010 4289 1158 4340 Paracleto
1179 4284 1278 4362 (paulo
1300 4290 1367 4340 ante

176 4391 213 4437 θ.
236 4387 268 4438 8.
291 4382 426 4438 dixerat:
449 4368 554 4437 tertius
574 4385 618 4436 est
635 4380 756 4448 Spiritus
774 4399 791 4434 o
809 4384 867 4434 Deo
887 4388 913 4432 et
930 4373 1032 4451 Filio),
1054 4379 1129 4435 siout
1147 4393 1199 4434 nos
1216 4376 1367 4434 secundum
