3158 4980
619 370 657 384 -
676 337 715 399 69
736 370 773 384 ..

176 443 328 534 Reliqua
351 443 419 511 duo
444 443 601 532 symbola
623 466 645 510 a
666 444 821 513 Macerio
856 446 987 532 citata,
1014 446 1164 515 alterum
1189 448 1280 538 quod
1368 527 1371 534 Ι

24 572 33 585 ·
106 553 333 642 Epiphanius
346 551 498 620 inseruit
514 574 576 619 sue
591 552 767 620 Ancorato
784 558 834 641 (n.
854 554 946 641 119),
963 555 1113 623 alterum
1131 556 1280 622 solemne

108 663 491 752 constantinopolitani
507 661 666 746 Consilii,
685 686 809 731 revera
825 686 892 730 non
917 669 1001 730 eunt
1017 665 1084 731 duo
1102 665 1160 732 sed
1175 687 1281 731 unum

108 772 279 842 aridem.
305 772 348 840 In
373 797 412 841 eo
435 782 565 856 autem,
592 794 659 839 non
684 772 720 840 id
744 772 834 862 quod
858 771 1033 840 Macarius
1058 797 1099 838 ec
1122 775 1282 838 rinccimi

107 882 334 970 symbolorum
359 880 517 947 doctrina
540 903 576 948 se
600 881 918 947 demonstraturum
942 880 1113 968 promisit,
1138 883 1197 949 sed
1222 881 1279 947 do·

109 989 228 1058 ctrina
259 988 462 1077 evangelica
493 988 713 1071 continetur,
741 988 912 1076 Spiritum
937 989 1103 1057 Sanctum
1128 1016 1149 1054 c
1174 992 1282 1058 Putre

106 1095 299 1189 procedere.
327 1097 426 1166 Inter
449 1097 513 1165 has
536 1118 618 1166 vero
636 1097 723 1163 dues
740 1097 1011 1187 propositiones:
1034 1100 1188 1186 Spiritus
1204 1123 1280 1187 pro·

46 1268 49 1273 .
110 1205 204 1274 cedit
228 1231 250 1272 o
274 1207 392 1287 Patre,
409 1227 511 1296 quam
535 1227 650 1273 omnes
668 1205 834 1273 catholici
852 1208 1065 1294 profitemur,
1084 1214 1119 1275 et
1134 1209 1282 1275 alteram

109 1335 202 1406 quae
226 1314 263 1381 in
287 1313 385 1382 nullo
409 1314 612 1383 documento
637 1313 718 1380 fidei
741 1314 931 1400 reperitur:
953 1317 1107 1401 Spiritus
1126 1314 1282 1403 procedit

110 1448 134 1490 a
154 1422 228 1490 solo
254 1423 372 1505 Patre,
397 1424 435 1486 ire
459 1424 672 1510 oppositione
696 1420 740 1486 ad
764 1422 910 1503 Ftttcm,
936 1423 1029 1490 inter
1054 1423 1117 1488 hes
1142 1423 1283 1513 inquam

111 1530 379 1623 propositiones,
398 1530 487 1597 idem
513 1540 567 1597 est
584 1530 771 1597 discrimen
787 1553 827 1597 ae
844 1532 937 1598 inter
953 1532 1040 1599 duas
1057 1532 1158 1598 elias:
1176 1532 1285 1598 Peter

112 1654 162 1708 eet
188 1641 294 1721 Deera·
310 1645 346 1706 et
369 1639 459 1705 eolus
485 1640 590 1706 Pater
614 1652 662 1705 est
677 1640 778 1719 Deos,
793 1641 830 1703 ire
848 1643 1061 1728 oppositione
1076 1639 1121 1706 ad
1137 1643 1285 1723 Filium

112 1773 262 1842 quarum
287 1751 383 1839 prior
407 1771 488 1816 sene
512 1747 688 1818 catholica
712 1754 777 1832 est,
794 1751 976 1842 ¹posterior
1000 1774 1082 1819 vero
1108 1751 1282 1818 haeretica
1307 1737 1309 1741 ¹

111 1858 263 1926 Ariana.
290 1855 369 1940 Qua
391 1857 528 1924 ratione
552 1858 721 1945 professio
739 1858 874 1926 directa
887 1862 1110 1947 processionis
1127 1884 1147 1925 a
1163 1862 1282 1939 Patre,

112 1973 155 2034 ut
180 1967 285 2033 Pater
309 1988 416 2033 unum
439 1974 493 2031 est
517 1987 592 2032 oum
610 1964 716 2048 Filio,
736 1964 962 2054 intelligatur
985 1973 1021 2035 et
1038 1966 1209 2034 adversus
1226 1965 1283 2032 Se·

113 2078 305 2146 miarienos
322 2073 645 2164 pneumatomachos
664 2075 773 2141 fuerit
795 2075 950 2160 definite,
970 2076 1284 2144 demonstravimus

114 2185 185 2254 Th.
203 2183 372 2260 XXXIV.
391 2207 425 2249 n.
444 2183 473 2268 I;
499 2182 707 2251 XXXVIII.
725 2207 761 2252 u.
778 2183 809 2249 I.

182 2294 249 2361 His
273 2292 438 2363 concluse
453 2300 506 2358 est
522 2290 723 2358 Masuriana
739 2291 897 2360 collectio
913 2292 1150 2379 symbolorum
1168 2320 1183 2358 t
1201 2317 1283 2362 una·

110 2403 262 2470 nimiter
291 2401 531 2492 profitentium
565 2403 815 2493 processionem
840 2400 997 2491 Spiritus
1022 2401 1142 2471 Sancti
1166 2427 1189 2469 a
1211 2404 1281 2469 eolo

112 2512 276 2586 Patre.»
1102 2497 1104 2501 ¹

184 2619 221 2686 2⁰
243 2618 347 2688 Vidit
369 2618 592 2687 adversarius
616 2621 762 2708 ipsemet
786 2620 981 2708 symbolum
1005 2621 1095 2710 quod
1124 2619 1283 2687 Athana-

112 2732 172 2799 sio
195 2729 407 2797 ettributum
424 2728 485 2797 diu
502 2735 582 2795 ante
606 2728 768 2796 Photium
786 2729 1021 2796 constituebat
1035 2717 1284 2817 professionem

112 2836 335 2907 universalis
358 2835 440 2903 fidei
465 2836 503 2903 in
526 2835 685 2904 Ecclesia
708 2836 927 2920 occidentali,
948 2837 1088 2904 silentio
1113 2836 1285 2926 supprimi

113 2969 189 3014 non
215 2967 326 3035 posse.
343 2944 407 3012 Ait
430 2967 524 3033 ergo,
555 2945 651 3012 istud
676 2944 782 3012 huius
817 2944 967 3034 symboli
992 2944 1154 3012 incisum:
1174 2981 1190 3010 a
1208 2945 1285 3034 Spi-

113 3048 216 3127 ritus
239 3055 388 3125 Sanctus
412 3077 433 3121 a
456 3057 561 3122 Patre
586 3068 618 3118 ct
641 3052 736 3120 Filio
754 3076 821 3120 nou
844 3054 961 3121 fectus
985 3075 1048 3120 nco
1065 3060 1206 3123 creatus
1222 3077 1285 3122 neo

115 3167 275 3259 genitus,
294 3167 353 3234 sed
371 3164 568 3254 procedens,
589 3190 605 3225 r
624 3163 660 3229 in
677 3162 853 3253 plerisque
869 3163 1046 3231 codicibus
1071 3164 1206 3253 graecis
1224 3162 1284 3229 ha·

114 3275 196 3345 beri
222 3276 295 3343 sine
319 3272 494 3363 particula
518 3287 550 3339 et
566 3271 675 3353 Filio,
694 3293 755 3360 pro
772 3294 840 3360 qua
863 3295 900 3340 re
924 3274 1079 3362 appellat
1097 3303 1113 3338 r
1132 3273 1173 3340 ed
1201 3273 1287 3340 scri·

114 3393 255 3477 ptorem
277 3381 536 3464 occidentalem,
557 3407 577 3443 r
592 3402 711 3469 nempe
734 3379 777 3446 ad
802 3386 996 3470 apostatem
1031 3381 1185 3449 Marcum
1215 3381 1286 3447 An-

113 3492 256 3564 tonium
286 3492 328 3559 de
359 3489 516 3559 Dominis
540 3486 601 3574 (l).
631 3488 937 3577 Interpolationem
970 3488 1082 3557 serius
1107 3511 1128 3554 a
1147 3488 1287 3555 Latinis

116 3605 253 3672 factem
287 3602 422 3691 probat,
459 3597 582 3691 equod
617 3606 696 3666 ante
734 3598 911 3665 saeculum
945 3596 1044 3665 XIV.
1070 3618 1167 3664 nemo
1199 3597 1288 3663 occi·

194 3762 236 3838 (1)
254 3766 341 3818 Homo
360 3766 417 3818 iste
435 3764 513 3816 inter
531 3767 624 3816 cetera
643 3764 778 3829 portenta
799 3762 884 3814 etiam
903 3762 954 3814 hoc
974 3761 1175 3828 medItabatur,
1197 3765 1229 3814 ut
1248 3777 1288 3815 se-

59 3857 67 3876 “
117 3857 244 3913 cundum
262 3856 502 3909 Protestanticnm
522 3857 648 3920 systema
665 3853 849 3904 articulorum
864 3851 1120 3905 fundamentalium
1133 3852 1288 3905 Ecclesiam

117 3953 286 4014 Romanam,
301 3946 496 4012 Anglicanam,
514 3949 542 3997 et
570 3943 739 3996 Photianam
770 3948 991 4010 coagmentaret,
1019 3945 1118 3995 multis
1143 3944 1209 3996 fidei
1240 3945 1285 3997 do-

118 4039 265 4106 gmatibus
285 4039 366 4091 velut
385 4039 415 4088 in
436 4049 572 4102 suspenso
592 4035 713 4100 relictis,
729 4035 807 4086 inter
823 4049 891 4099 quos
905 4035 1041 4086 articulos
1053 4052 1108 4087 non
1122 4035 1287 4089 fundamen·

118 4129 200 4181 tales
219 4127 375 4195 praenitet
395 4126 481 4178 etiam
499 4139 604 4191 ponere
624 4123 724 4189 dogma
743 4122 776 4173 de
796 4124 975 4188 processione
995 4123 1122 4190 Spiritus
1149 4125 1247 4177 Sancti
1272 4141 1288 4176 a

118 4221 208 4272 Petne
229 4223 259 4272 et
284 4219 371 4272 Pilio.
390 4217 468 4269 Idem
492 4217 544 4268 hoo
571 4198 727 4268 monstrum
755 4212 938 4280 parturiendi
965 4229 1056 4280 nuper
1085 4217 1115 4267 in
1147 4218 1288 4267 conventu

121 4310 271 4362 Bonnenel
296 4309 418 4362 animum
443 4311 627 4375 susceperunt
655 4307 908 4372 Neoprotestantes
938 4306 986 4356 illi
1013 4307 1073 4358 risu
1103 4307 1201 4375 digni,
1231 4307 1291 4358 nisi

123 4396 272 4466 digniores
291 4402 388 4453 essent
407 4398 660 4465 commiseratione,
678 4395 726 4464 qui
745 4395 951 4467 ἄντιφραστικως
972 4411 1001 4450 se
1022 4416 1035 4444 a
1056 4400 1167 4451 veteres
1195 4395 1289 4449 cethea

123 4493 201 4546 liooa
220 4511 233 4542 n
253 4492 412 4560 appellent.
