3120 4988
684 237 728 284 -’-
745 238 808 304 290
826 273 869 287 -

256 351 322 419 His
345 349 482 420 ultimis
506 349 630 419 incisis
653 350 828 439 Cyrillus,
846 352 939 422 sicut
963 352 1026 422 alii
1049 354 1175 422 Patres
1198 356 1359 448 frequen-

190 459 350 543 tissime,
379 458 458 546 agit
481 462 603 526 contra
636 456 871 527 Eunomianos
904 465 1182 550 perscrutatores
1217 462 1360 533 divinae

190 567 372 651 essentiae,
396 587 499 657 quam
516 586 552 632 se
568 567 733 654 perfecte,
752 565 847 633 utin
864 589 899 634 se
916 575 981 652 est,
1003 569 1140 639 novisse
1157 569 1359 659 gloriaban·

191 683 251 743 tur
278 700 293 735 a
319 697 361 741 ex
386 672 605 762 syllogismis
624 703 640 736 n
670 679 705 741 et
728 672 980 764 philosophicis
1004 675 1192 767 principiis
1208 677 1250 746 de
1274 677 1357 746 sim·

191 784 352 874 plicitate
367 783 460 852 entis
478 780 541 869 ’(1).
559 783 763 872 Langenius
779 805 863 853 vero
879 805 921 852 ex
939 783 995 851 his
1011 784 1099 875 ipsis
1116 786 1234 856 verbis
1250 787 1362 856 infert

192 893 294 975 illud,
314 891 404 981 quod
421 890 586 974 diximus,
608 917 623 951 c
644 889 752 958 solam
771 889 1058 981 personalitatem
1081 898 1118 960 et
1134 891 1364 964 divinitatem

192 998 347 1089 Spiritus
360 999 485 1066 Sancti
499 997 670 1087 aCyrillo
682 995 828 1087 proponi
841 1003 881 1065 ut
894 997 1064 1066 obiectum
1085 999 1167 1069 fidei
1182 1031 1198 1064 e
1222 1006 1273 1092 (p.
1289 1003 1359 1091 30).

194 1107 317 1175 Omnia
340 1106 455 1196 igitur
478 1127 565 1197 quae
600 1104 783 1195 proposuit
806 1105 1063 1174 catechumenis
1086 1129 1128 1175 ex
1151 1108 1241 1199 ipsis
1266 1111 1357 1180 Sori-

191 1217 309 1307 pturis
325 1217 366 1284 de
383 1214 692 1284 communicatione
704 1214 846 1283 divinae
862 1220 1022 1300 naturae,
1036 1215 1198 1306 Cyrillus
1213 1216 1360 1309 ipsemet

194 1326 360 1395 continuo
382 1327 615 1412 subverteret3
635 1323 793 1414 quodque
811 1345 893 1392 sane
917 1324 1055 1410 mirum,
1074 1347 1114 1392 eu
1131 1349 1220 1418 quae
1237 1329 1275 1396 in
1289 1329 1360 1420 pri-

195 1456 250 1502 ms
273 1433 414 1522 periodo
438 1433 620 1522 proposuit
643 1431 813 1500 credenda
838 1437 878 1501 ut
901 1439 1064 1502 contenta
1087 1434 1124 1502 iu
1148 1432 1356 1527 Scripturis,

169 1551 171 1556 '
194 1543 231 1609 in
255 1541 394 1628 periodo
417 1540 532 1608 altera
556 1541 688 1608 diceret
710 1563 778 1607 non
802 1540 995 1626 credenda,
1028 1542 1112 1632 quia
1135 1543 1271 1634 scripta
1294 1565 1360 1612 non

185 1656 291 1720 suut.
311 1648 361 1716 At
377 1647 511 1717 securis
528 1647 628 1716 nobis
643 1668 717 1716 esse
733 1647 830 1740 licet,
849 1648 1001 1716 absurda
1016 1655 1117 1717 tanta
1135 1649 1228 1741 apud
1246 1674 1275 1721 s.
1294 1652 1358 1719 Pa-

197 1755 375 1826 trem'non
398 1756 559 1846 reperiri;
577 1754 648 1824 istu
672 1755 762 1824 euim
786 1778 854 1823 non
887 1756 1057 1825 credenda
1080 1762 1115 1825 et
1138 1780 1206 1826 non
1231 1758 1359 1847 scripta

200 1865 292 1934 nihil
308 1871 392 1933 sunt
406 1863 517 1950 aliud,
536 1885 639 1956 quam
655 1863 957 1954 philosophemata
972 1863 1193 1933 Eunomiena
1216 1867 1259 1936 de
1275 1888 1363 1934 com-

201 1973 427 2066 prehensione
450 1971 591 2042 divinae
614 1973 797 2057 essentiae,
814 1977 855 2041 ut
878 1973 915 2039 in
940 1994 975 2040 se
998 1980 1052 2041 est
1067 1973 1130 2062 (2).

268 2081 461 2172 Gregorius
484 2081 738 2165 Nazianzenus,
757 2085 847 2149 teste
871 2067 1062 2170 Langenio,
1083 2070 1132 2148 ¹ex
1156 2103 1226 2150 una
1249 2089 1357 2174 parte,

203 2192 244 2259 ob
268 2189 481 2280 multiplices
504 2190 604 2257 illius
620 2190 748 2257 aetatis
772 2189 1040 2273 controversias,
1059 2177 1100 2257 de
1116 2188 1255 2279 Spiritu
1279 2194 1360 2262 San·

199 2304 255 2365 cto
275 2297 425 2366 astricte
438 2296 622 2365 inhaerens
639 2297 846 2386 Scripturis,
862 2318 929 2363 nou
942 2296 1012 2363 nisi
1026 2295 1219 2365 doctrinam
1233 2299 1364 2366 omnino

201 2404 434 2472 indubitatam
447 2392 637 2492 proponere
649 2403 686 2470 in
700 2402 946 2470 animchabuit
960 2433 975 2466 n
991 2409 1039 2491 (p.
1050 2403 1134 2491 55.);
1151 2427 1192 2471 ex
1205 2412 1306 2494 parte
1318 2407 1365 2476 al-

180 2595 181 2599 *
202 2515 278 2578 tere
297 2538 313 2572 c
331 2535 398 2578 non
423 2514 539 2601 potuit
561 2512 783 2601 discederes
799 2525 956 2602 conceptu
985 2513 1148 2576 communi
1165 2512 1228 2601 (3),
1250 2537 1364 2581 secun·

201 2617 287 2685 dum
307 2641 407 2708 quem
430 2641 594 2706 personae
626 2643 664 2687 eo
699 2619 819 2686 ordine
843 2641 910 2709 quo
932 2625 1187 2704 numerentur,
1215 2621 1364 2708 pendent

203 2747 270 2793 une
294 2727 336 2792 ah
360 2726 473 2794 altere
490 2757 505 2790 η
523 2730 570 2816 (p.
590 2728 674 2815 hh).
692 2727 784 2795 Hinc
809 2727 910 2794 docet
933 2725 1139 2815 Gregorius:
1172 2750 1268 2794 zenon
1294 2752 1366 2796 sus·

200 2832 290 2899 tinet
312 2834 417 2900 Pater
440 2833 577 2922 privari
598 2834 704 2918 Filio,
730 2831 791 2901 neu
814 2833 931 2901 Filius
955 2831 1093 2921 Spiritu
1128 2832 1290 2902 Sancto„
1319 2836 1366 2924 (4)

202 2945 305 3028 (orat.
324 2939 378 3008 33.
398 2964 432 3008 u.
453 2940 540 3027 17.):
576 2941 724 3032 uinique
749 2940 879 3024 sectio,
914 2937 943 3006 si
969 2940 1024 3008 vel
1046 2940 1181 3008 Filium
1204 2963 1226 3008 a
1248 2943 1365 3026 Patre,

203 3048 260 3117 vel
283 3049 468 3116 essentiam
485 3048 644 3138 Spiritus
662 3071 682 3116 a
697 3048 790 3117 Filio
807 3071 1015 3137 separavero
1033 3081 1048 3113 n
1069 3056 1134 3138 (or.
1152 3050 1210 3119 40.
1229 3076 1264 3120 n.
1279 3053 1364 3141 42.):

206 3180 222 3214 c
241 3155 271 3222 si
295 3155 366 3223 fuit
389 3162 536 3244 tempus,
556 3181 633 3226 oum
656 3179 725 3224 non
749 3162 841 3224 esset
864 3157 981 3240 Pater,
1006 3156 1077 3224 fuit
1101 3180 1263 3249 quoqne,
1294 3183 1368 3230 cum

203 3287 271 3331 non
294 3271 384 3332 esset
406 3265 535 3351 Filius3
555 3267 585 3333 si
602 3267 674 3334 fuit
689 3272 838 3356 tempus,
858 3287 934 3332 cuno
959 3287 1025 3332 non
1042 3272 1134 3333 esset
1150 3258 1278 3351 Filius,
1299 3270 1368 3336 fuit

205 3394 351 3464 quoque,
371 3396 447 3440 cum
471 3394 580 3464 neque
608 3373 764 3463 Spiritus
780 3373 930 3441 Sanctus
946 3377 1038 3441 esset
1056 3404 1071 3436 n
1090 3376 1155 3459 (or.
1175 3374 1231 3442 31.
1250 3399 1285 3443 n.
1303 3375 1366 3460 4.):

208 3509 224 3542 a
241 3503 427 3572 numquam
451 3483 567 3570 potuit
601 3482 717 3550 deesse
752 3481 809 3551 vel
832 3481 949 3549 Filius
972 3481 1096 3565 Patri,
1127 3482 1184 3550 vel
1214 3482 1368 3573 Spiritus

139 3620 141 3623 ¹
205 3589 342 3658 Filio...
361 3590 474 3657 omnia
490 3596 645 3680 quaeest
661 3593 778 3673 Peter,
797 3595 881 3656 sunt
895 3589 993 3673 Filii,
1013 3593 1151 3678 praeter
1175 3613 1250 3658 esse
1274 3592 1371 3679 inge·

206 3700 332 3784 mitum,
343 3697 458 3765 omnia
470 3721 556 3788 quae
567 3697 696 3782 Filius,
707 3705 790 3765 sunt
803 3698 959 3788 Spiritus
973 3697 1105 3782 Sancti,
1117 3704 1257 3786 praeter
1270 3721 1371 3788 gene-

278 3919 319 3994 (1)
337 3922 410 3977 Vide
425 3922 518 3974 Tract.
541 3920 574 3973 de
593 3921 650 3973 Deo
669 3920 730 3973 Uno
750 3919 802 3972 rh.
819 3919 856 3972 X.

279 4010 320 4085 (2)
338 4014 378 4065 De
398 4027 482 4064 sensu
502 4027 554 4079 quo
567 4012 622 4064 PP.
638 4025 720 4076 saepe
734 4009 826 4061 dicere
839 4007 983 4075 videntur,
1000 4023 1056 4060 non
1070 4022 1130 4060 esse
1146 4007 1287 4062 credenda
1303 4025 1371 4077 quse

211 4101 317 4168 scripta
336 4118 392 4154 non
413 4104 489 4168 sunt,
509 4101 576 4155 ride
589 4101 684 4154 Tract.
705 4100 738 4153 de
753 4099 864 4152 Tradit.
884 4100 935 4152 Th.
952 4099 1029 4150 XIX.

280 4188 322 4264 (3)
340 4192 446 4257 (tragon
471 4193 579 4245 konnte
605 4191 665 4244 sich
684 4207 740 4243 ron
765 4189 814 4242 der
837 4188 1051 4254 geuthnlichen
1079 4189 1267 4254 Vorstellung
1292 4190 1373 4243 nicht

210 4282 380 4338 losmachen.

279 4367 325 4447 (4)
343 4371 387 4427 ὀυκ
403 4371 528 4445 α’νεχεται
548 4359 634 4444 redu?
649 4372 702 4428 c‘ror
719 4370 911 4444 ζημιουμενος,
930 4366 986 4423 ὀυδε
1008 4368 1061 4430 ὁιος
1078 4389 1106 4422 το
1121 4389 1224 4441 πνευμα
1238 4371 1369 4440 recipior.
