3120 4988
692 317 729 331 -
752 284 811 349 307
833 320 871 333 -

259 382 361 465 Quod
385 384 602 452 Hadrianum
619 383 649 467 I,
667 383 814 452 Leonem
831 385 900 468 III,
919 385 1109 452 Maximum
1126 389 1162 453 et
1180 384 1364 452 Tarasium

156 471 159 488 ¹
189 501 340 580 spectat,
360 493 387 559 ii
410 516 537 575 omnes,
558 492 786 583 quantumvis
811 493 1001 582 explicatio
1022 494 1090 582 ipsi
1109 493 1265 581 symbolo
1282 491 1367 558 Con·

190 599 507 689 stantinopolitano
532 601 683 667 nondum
708 601 841 668 inserta
857 609 960 683 esset,
976 625 1171 692 nequeeam
1191 601 1367 670 inserendi

190 712 266 772 tum
291 707 459 795 temporis
482 707 673 792 necessitas
709 716 916 796 appareret,
950 732 1052 777 unam
1085 711 1185 778 fidem
1218 710 1369 800 professi

192 814 325 882 suntin
342 816 592 904 processionem
606 839 626 881 a
641 816 746 882 Patre
764 831 796 881 et
809 818 905 883 Filio
923 840 983 884 seu
998 843 1060 905 per
1078 819 1227 901 Filium
1238 830 1366 885 utram·

192 944 258 1011 que
282 921 375 989 enim
399 923 584 989 formulam
608 921 812 1010 Langenius
844 947 936 992 nunc
971 925 1109 992 tandem
1135 926 1208 1015 ipse
1232 927 1368 993 fatetur

191 1050 299 1096 unum
324 1029 481 1122 idemque
506 1033 641 1100 edicere
660 1031 1015 1122 secundumaliquam
1039 1034 1365 1122 interpretationem

192 1141 248 1223 (ut
272 1138 350 1226 ait),
366 1160 454 1228 quae
478 1163 545 1208 non
569 1147 623 1208 est
647 1163 709 1208 nec
733 1162 808 1207 esse
833 1148 947 1228 potest
970 1141 1043 1208 alia
1066 1164 1167 1232 quam
1193 1144 1366 1231 interpre-

193 1246 283 1313 tatio
306 1249 482 1318 catholica
506 1250 542 1317 in
578 1250 794 1319 oecumenico
817 1249 972 1319 Concilio
995 1251 1200 1320 Florentino
1234 1234 1363 1320 iterum

193 1354 330 1425 sancita
353 1359 450 1445 (vide
474 1381 581 1448 supra
605 1365 637 1440 5.
657 1359 736 1444 IL).

259 1468 439 1534 Postremo
464 1466 696 1556 comploratio
720 1466 799 1535 viae
824 1468 867 1535 ad
892 1469 1065 1536 unitatem
1084 1470 1176 1538 inter
1192 1471 1364 1542 Christia-

195 1596 258 1641 nos
282 1596 350 1641 non
374 1574 558 1663 perficitur
582 1575 768 1663 negatione
785 1574 964 1644 doctrinae
988 1579 1070 1646 fidei
1094 1587 1157 1648 aot
1173 1581 1370 1649 dissimula·

193 1683 299 1751 tione.
327 1683 537 1752 Huiusmodi
563 1682 845 1751 dissimulatione
869 1682 1026 1752 homines
1057 1688 1278 1772 abutuntur,
1307 1690 1367 1779 qui

195 1791 265 1858 iam
285 1818 301 1851 u
317 1791 409 1860 circa
426 1792 527 1859 fidem
543 1793 863 1880 naufragaverunt,
884 1821 900 1854 n
920 1800 960 1858 ut
977 1792 1045 1859 sibi
1062 1793 1149 1882 ipsis
1166 1796 1370 1884 confingant

193 1901 339 1989 speciem
371 1902 562 1991 quandam,
590 1923 677 1992 quae
701 1900 861 1968 Ecclesia
885 1900 927 1967 ab
951 1900 1037 1989 ipsis
1070 1902 1248 1991 appellata
1278 1905 1369 1973 inte-

193 2008 299 2077 stinis
322 2007 480 2077 dissidiis
497 2010 765 2076 affirmationum
784 2023 819 2076 et
836 2007 1062 2095 negationum
1078 2009 1265 2098 imaginem
1284 2034 1366 2102 prae

194 2138 230 2186 se
247 2119 318 2185 fert
333 2141 400 2185 nou
417 2117 594 2187 Ecclesiae
610 2118 758 2200 Christi,
775 2116 834 2184 scd
851 2115 952 2183 illius
973 2125 1113 2185 “terrae
1131 2122 1364 2206 tenebrarum,

195 2225 234 2292 in
258 2247 327 2316 qua
343 2225 466 2294 nullus
482 2227 565 2294 ordo
583 2226 641 2293 sed
666 2225 899 2314 sempiternus
917 2225 1040 2292 horror
1055 2225 1267 2296 inhabitato
1282 2230 1369 2297 Uni-

194 2340 250 2400 tas
273 2334 453 2403 Ecclesiae
482 2335 520 2402 in
544 2335 619 2401 sola
642 2333 782 2421 integra
814 2333 882 2400 fide
906 2333 1072 2401 veritatis
1103 2335 1172 2401 sibi
1207 2347 1366 2407 constare

193 2446 321 2528 potest:
339 2439 517 2509 «solliciti
535 2461 674 2507 servare
692 2438 862 2506 unitatem
875 2437 1024 2527 spiritus
1040 2440 1075 2506 in
1098 2438 1241 2507 vinculo
1255 2442 1363 2530 pacis;

194 2569 301 2614 unum
318 2569 445 2636 corpus
469 2553 504 2615 et
528 2570 619 2615 unus
635 2545 826 2636 spiritus...
848 2568 940 2612 unus
956 2545 1138 2629 Dominus,
1158 2569 1228 2613 una
1245 2531 1329 2616 fides
1348 2579 1363 2612 n

194 2654 300 2743 (Eph.
318 2654 384 2724 IV.
401 2655 464 2741 3.).
491 2656 549 2723 Ad
565 2656 655 2726 hanc
679 2661 795 2722 autem
819 2653 991 2721 unitatem
1015 2656 1176 2742 integrae
1201 2656 1366 2723 veritatis
1392 2661 1395 2666 ’

146 2829 150 2834 ,
193 2770 229 2832 et
253 2763 335 2831 fidei
358 2765 418 2834 via
442 2787 510 2832 non
533 2771 632 2853 patet
655 2763 747 2846 alia,
775 2784 877 2854 quam
901 2784 942 2831 ea
966 2784 1053 2852 quae
1078 2769 1215 2830 structa
1246 2773 1299 2830 est
1322 2764 1365 2830 ab

192 2873 268 2962 ipso
294 2901 312 2936 c
330 2879 472 2942 auctore
488 2873 571 2943 fidei
595 2879 631 2940 et
657 2876 934 2941 consummatore
966 2870 1079 2938 Iesus
1105 2868 1365 2958 percharisma

192 2981 349 3070 Spiritus
373 2981 540 3050 veritatis
563 2981 601 3049 in
625 3002 690 3048 sua
712 2979 883 3049 Ecclesia.
913 3005 929 3038 a
945 2977 1080 3046 Tantae
1111 2977 1226 3066 igitur
1249 2985 1362 3045 osten·

193 3087 307 3156 siones
329 3112 407 3157 cum
440 3089 530 3174 sint,
557 3111 625 3157 non
650 3092 786 3179 oportet
819 3087 933 3156 adhuc
965 3107 1129 3177 quaerere
1153 3087 1246 3173 apud
1277 3085 1366 3154 alios

194 3196 393 3282 veritatem,
413 3219 516 3288 quam
540 3197 646 3266 facile
668 3202 722 3264 est
745 3196 788 3262 ab
812 3194 971 3264 Ecclesia
995 3216 1142 3278 sumere,
1170 3217 1247 3262 cum
1271 3194 1365 3282 Apo-

194 3303 278 3373 stoli
301 3305 402 3396 quasi
426 3306 462 3372 in
486 3305 737 3395 depositorium
762 3303 861 3371 dives
885 3302 1085 3392 plenissime
1103 3302 1139 3368 in
1155 3324 1229 3369 eam
1247 3310 1367 3370 contu-

193 3409 305 3479 lerint
334 3413 468 3498 omnia,
495 3436 584 3503 quae
614 3414 688 3481 sint
713 3410 897 3495 veritatis,
928 3410 982 3479 uti
1014 3410 1125 3477 omnis
1157 3412 1365 3502 quicumque

194 3518 303 3604 velit,
330 3527 446 3588 sumat
468 3540 510 3589 ex
534 3542 575 3589 ea
605 3528 723 3611 potum
748 3519 884 3588 vitean
913 3545 929 3578 a
944 3518 993 3585 Et
1015 3518 1195 3586 Ecclesiae
1227 3520 1365 3610 quidem

193 3627 410 3716 praedicatio
426 3649 511 3697 vera
534 3634 571 3698 et
591 3628 704 3714 firma,
724 3628 817 3718 apud
840 3648 943 3718 quam
967 3648 1037 3694 una
1053 3632 1089 3695 et
1106 3627 1222 3695 eadem
1239 3628 1367 3698 salutis

194 3736 255 3804 via
278 3736 315 3804 iu
337 3739 503 3808 universo
526 3739 653 3807 mundo
669 3737 882 3806 ostenditur.
905 3734 1000 3802 Huic
1016 3737 1107 3802 enim
1123 3737 1295 3805 creditum
1313 3744 1368 3805 est

193 3848 312 3916 lumen
334 3848 411 3932 Dei,
437 3855 474 3917 et
495 3854 638 3936 propter
661 3845 725 3915 hoc
749 3843 924 3933 sapientia
946 3841 1022 3926 Dei,
1037 3865 1098 3931 per
1122 3866 1224 3934 quam
1246 3844 1365 3913 salvat

162 3958 164 3961 ’
195 3977 310 4025 omnes
334 3956 530 4024 homines...
557 3956 627 4038 Qui
650 3977 734 4043 ergo
769 3953 976 4042 relinquunt
999 3950 1222 4038 praeconium
1244 3950 1365 4020 Eccle-

195 4065 292 4152 siae,
318 4065 529 4155 imperitiam
564 4071 764 4133 sanctorum
786 4060 1077 4147 Presbyterorum
1101 4064 1270 4146 arguunt,
1296 4081 1366 4127 uon

195 4174 482 4263 contemplantes,
509 4178 639 4266 quanto
671 4169 787 4260 pluris
810 4167 859 4235 sit
881 4166 994 4235 idiota
1016 4164 1206 4253 religiosus
1229 4187 1250 4232 a
1275 4165 1365 4234 blas-

195 4285 319 4373 phemo
341 4289 377 4352 et
404 4280 605 4371 impudente
636 4278 805 4368 sophista.
840 4273 945 4342 Tales
980 4278 1096 4340 autem
1134 4280 1219 4341 sunt
1252 4292 1369 4341 omnes

195 4390 424 4462 haeretici...
450 4391 577 4482 quide
600 4388 724 4458 iisdem
747 4407 816 4453 nou
851 4403 987 4470 semper
1009 4379 1146 4450 easdem
1177 4380 1370 4454 sententias
