3120 4988
598 309 635 324 -
657 277 695 341 35
716 309 755 324 -

97 385 203 453 ritum
219 384 398 468 Sanctum,
417 405 490 452 esse
506 382 807 473 circumscriptum
824 382 911 464 loco;
930 380 1074 473 ideoque
1098 403 1163 449 non
1181 403 1258 450 csso

97 499 243 561 naturas
266 493 419 562 divinae.
438 493 532 560 Haec
548 492 808 580 argumentatio
826 491 1035 557 Arianorum
1057 490 1185 579 passim
1203 491 1259 558 ob·

99 601 157 667 via
180 601 271 691 apud
296 624 342 669 ss.
372 600 515 686 Patres,
545 600 708 667 nonalia
736 598 959 687 responsione
994 597 1063 666 rite
1093 598 1258 684 solvitur,

96 731 197 800 quam
221 708 379 798 negando
402 707 499 774 illam
524 709 698 776 notionem
733 708 906 772 missionis
929 705 1099 772 Arianaur
1129 715 1166 774 et
1188 705 1262 776 Ma-

56 871 60 874 >
95 820 282 902 corianam,
302 817 453 906 ineptam
478 824 514 885 et
536 818 607 884 Deo
631 817 823 906 indignam.
882 901 885 915 Ι

159 928 192 1012 b)
215 927 403 995 Praeterea
426 925 599 993 Photiana
623 927 693 992 ista
717 924 877 992 doctrina
902 945 971 1016 qna
1006 921 1125 991 missio
1150 923 1260 1013 Spiri-

94 1041 151 1102 tus
176 1033 297 1102 Sancti
323 1034 455 1101 dicitur
479 1033 713 1122 intelligenda
747 1055 821 1101 esse
845 1034 943 1098 unice
966 1033 1006 1099 de
1030 1031 1131 1098 donis
1154 1039 1189 1099 et
1212 1033 1263 1100 ef-

95 1141 260 1210 ficientiis
285 1142 328 1209 ad
352 1149 464 1224 extra,
483 1164 551 1208 non
576 1151 690 1209 antem
716 1141 757 1208 de
782 1141 858 1230 ipsa
882 1161 1029 1230 persona
1057 1139 1204 1223 divina¹
1231 1140 1261 1207 si

76 1250 186 1318 serio
211 1254 393 1338 urgeatur,
424 1249 565 1317 deducit
588 1249 630 1315 ad
656 1247 875 1335 negationem
911 1270 1078 1337 personae
1104 1245 1262 1335 Spiritus

98 1355 233 1443 Sancti.
249 1355 410 1423 Profecto
435 1355 526 1422 enirn
550 1353 715 1421 Christus
740 1354 907 1422 Dominus
931 1354 968 1422 in
992 1353 1065 1421 illis
1089 1353 1198 1438 locis,
1225 1353 1261 1420 iu

98 1463 224 1554 quibus
248 1463 332 1530 data
355 1484 458 1553 opera
480 1470 516 1531 ct
538 1463 737 1553 expressius
754 1486 942 1531 sermonem
968 1463 1072 1530 habet
1088 1462 1129 1528 de
1153 1461 1262 1530 tertia

97 1571 267 1639 distincta
290 1578 437 1660 persona
462 1571 666 1654 Trinitatis,
684 1572 844 1662 loquitur
868 1569 908 1636 de
923 1572 1083 1636 missione
1106 1571 1261 1657 Spiritus

98 1682 229 1750 Sancti.
251 1708 267 1744 r
284 1680 426 1770 Rogabo
443 1681 594 1764 Patrem,
614 1686 649 1748 ct
672 1679 781 1744 aliurn
798 1679 1016 1746 Paraclituru
1033 1678 1132 1744 dabit
1154 1679 1262 1762 rodis,

101 1787 272 1877 Spiritum
301 1773 508 1858 veritatis...
538 1787 630 1875 apud
659 1808 722 1854 vos
745 1787 911 1870 manebit,
928 1790 964 1854 et
987 1785 1023 1852 in
1041 1786 1139 1854 vobis
1156 1787 1260 1854 erit.»

108 1923 121 1959 u
141 1895 348 1964 Paraclitus
364 1897 520 1984 Spiritus
543 1896 687 1964 Sanctus
705 1917 800 1985 quem
816 1897 929 1959 mittet
946 1895 1050 1960 Pater
1067 1893 1103 1960 iu
1127 1895 1263 1961 nomine

99 2024 181 2087 meo,
202 2000 264 2069 illc
289 2025 350 2070 vos
374 2002 512 2071 docebit
535 2004 660 2071 omnia.
683 2029 698 2065 r
729 2031 744 2068 a
776 2001 862 2069 Cum
886 2001 1023 2069 venerit
1047 2001 1261 2085 Paraclitur,

99 2134 193 2201 quem
217 2135 277 2201 epo
301 2115 435 2178 mittam
459 2113 551 2179 nobis
575 2137 597 2178 a
621 2114 747 2193 Patre,
774 2111 947 2200 Spiritum
971 2109 1137 2178 veritatis
1160 2110 1220 2208 qui
1243 2132 1265 2177 a

100 2219 201 2288 Patra
226 2219 393 2309 procedit.
416 2248 431 2282 r
450 2219 489 2287 Si
512 2245 578 2288 non
603 2222 720 2289 abiero
739 2249 755 2285 u
774 2219 972 2289 Paraclitus
988 2243 1055 2286 non
1081 2219 1198 2287 veniet
1220 2219 1264 2287 ad

103 2350 171 2413 v0s;
193 2327 224 2394 si
247 2333 363 2396 autem
380 2322 496 2396 abiero
514 2331 648 2394 mittam
672 2353 744 2395 eum
760 2329 805 2395 ad
821 2353 891 2397 cos.
909 2355 925 2390 r
944 2329 994 2396 Ιο.
1015 2328 1114 2398 XIV.
1134 2328 1187 2397 16.
1206 2329 1262 2418 26;

101 2432 177 2502 XV.
196 2433 252 2521 265
271 2421 370 2503 XVI.
390 2436 422 2502 7.
441 2435 514 2502 Iam
540 2459 623 2503 vero
647 2438 677 2504 si
701 2438 803 2504 iuxta
825 2437 1031 2504 Photianam
1057 2438 1265 2505 seutentiam

103 2543 215 2609 missio
240 2542 395 2632 Spiritus
417 2546 538 2613 Sancti
573 2545 793 2635 intelligitur
814 2547 912 2611 unice
936 2546 992 2639 de
1011 2545 1113 2613 donis
1137 2551 1173 2614 at
1195 2547 1263 2615 effi·

102 2651 240 2719 cientiis
263 2650 308 2719 ad
327 2658 440 2739 extra3
458 2675 527 2719 non
543 2659 659 2720 autern
675 2654 717 2721 da
741 2654 817 2743 ipsa
834 2676 992 2742 persona,
1010 2653 1174 2721 Christus
1191 2653 1264 2744 pol-

53 2843 55 2850 Ι
104 2759 238 2828 licando
261 2761 452 2825 missionem
477 2759 656 2827 Paracliti
671 2767 706 2829 et
729 2761 873 2827 alterius
889 2763 1079 2844 Paracliti,
1096 2768 1131 2829 et
1153 2763 1265 2850 Spiri-

103 2881 152 2933 tur
171 2866 388 2957 procedentia
413 2893 434 2933 a
451 2869 571 2951 Patra,
589 2868 680 2936 nihil
697 2872 918 2959 promitteret
942 2871 1040 2939 aliud
1056 2894 1160 2962 qnam
1176 2870 1266 2937 dona

103 2990 130 3042 et
153 2977 365 3066 efficientias
389 2976 435 3043 ad
459 2976 737 3059 retractione
769 2980 866 3063 alia,
895 2986 931 3048 et
955 2979 1044 3045 dona
1068 3004 1156 3070 puae
1179 2977 1268 3047 dice-

101 3101 217 3152 rentur
234 3084 417 3173 procedere
439 3109 461 3150 α
483 3086 602 3155 Patre.
632 3087 841 3156 Huiusmodi
876 3095 993 3157 autem
1024 3090 1114 3168 douc
1149 3096 1268 3158 creata

102 3213 165 3260 non
190 3199 275 3261 sunt
298 3193 441 3283 propria
465 3193 528 3260 uni
552 3215 741 3283 personae,
771 3196 830 3263 sed
855 3197 1029 3264 donantur
1054 3218 1123 3264 una
1150 3218 1268 3286 opera-

101 3302 191 3370 tione
217 3323 238 3367 a
261 3302 420 3390 personis
443 3301 590 3369 divinis.
609 3301 825 3370 Pollicitatio
849 3326 932 3392 ergo
967 3284 1122 3393 Spiritus
1146 3307 1268 3375 Sancti

101 3406 259 3476 mittendi
283 3407 320 3475 in
345 3403 503 3476 omnibus
528 3409 583 3476 his
617 3409 704 3478 locis
728 3412 877 3480 absurde
912 3413 1099 3481 reducetur
1123 3413 1166 3480 ad
1189 3434 1268 3536 pno-

101 3520 296 3587 missionem
315 3518 481 3586 donorum
506 3525 712 3604 creatorum,
733 3542 819 3610 quaa
836 3519 1086 3610 impertiantur
1102 3520 1266 3589 fidelrbus

100 3644 117 3690 a
137 3626 246 3692 Patra
269 3630 305 3692 at
327 3624 441 3709 Filio,
471 3625 612 3716 ipseque
636 3626 791 3714 Spiritus
815 3627 960 3694 Sanctus
996 3630 1117 3694 missus
1140 3627 1268 3696 donum

101 3741 252 3803 creatum
276 3733 345 3801 erit
368 3732 486 3801 Patris
510 3756 528 3802 e
551 3734 652 3801 Filii.

159 3844 194 3926 c)
211 3839 311 3937 Unda
335 3840 419 3907 haec
440 3825 613 3909 sententia
631 3841 721 3931 quod
738 3863 884 3932 persona
901 3842 1089 3911 secundum
1110 3842 1269 3910 divinam

101 3955 260 4017 naturam
286 3952 444 4037 spectata
474 3948 570 4015 mitti
604 3971 673 4015 non
697 3956 832 4039 potest,
863 3950 1018 4017 continet
1041 3949 1267 4018 manifestum

101 4079 249 4125 errorem
284 4064 405 4124 contra
438 4055 603 4125 disertam
637 4057 833 4125 doctrinam
863 4055 1092 4147 Scripturae;
1123 4059 1268 4147 perinde

103 4167 190 4232 enim
207 4171 261 4232 ast
285 4163 413 4247 dicare,
432 4163 606 4254 Spiritum
623 4164 790 4232 Sanctum
806 4187 875 4231 non
891 4186 965 4231 esse
982 4164 1124 4233 missum
1149 4188 1268 4233 secun-

103 4272 179 4340 dnm
205 4271 362 4339 divinam
386 4278 575 4355 naturam,
606 4295 646 4339 ac
670 4271 879 4360 simpliciter
913 4295 1042 4362 negare
1071 4273 1268 4342 missionem

103 4402 265 4470 personas
291 4378 449 4469 Spiritus
473 4378 607 4450 Sancti.
625 4380 713 4451 Nam
738 4403 886 4472 persona
911 4381 1013 4452 ouius
1036 4382 1175 4452 nonnisi
1199 4401 1269 4449 una
