3158 4980
590 353 764 434 SEOTIO
790 355 836 434 Il.

241 573 295 626 Dn-
317 569 506 625 FALLACIIS
534 569 661 635 QUIBUS
683 569 762 665 ¹PRO
788 568 975 627 DOCTRINA
1003 574 1193 633 PHOTIANA

266 691 510 747 APPIILLATUR
537 693 586 746 AD
607 691 832 747 DocUMENTl
859 692 1165 752 PRAEDIOATIONIS

558 811 874 869 ECCLESIASTIGAE.

199 1003 350 1073 Videtur
365 1002 542 1070 Macarius
568 1030 584 1066 e
601 1003 729 1071 Rector
744 1003 952 1072 Academiae
965 1007 1221 1080 ecclesiastieae
1237 1014 1300 1082 Pc-

130 1110 398 1202 tropolitanaen
419 1111 660 1179 confidentiam
682 1113 913 1200 persuadendi
930 1118 1039 1182 totam
1059 1117 1247 1189 collocasse
1264 1120 1301 1188 in

129 1223 333 1312 ignorantia
356 1221 607 1309 discipulorum
632 1243 783 1304 suornm,
812 1221 872 1310 qui
897 1222 1058 1312 quoniam
1083 1249 1144 1294 nee
1168 1235 1298 1298 statum

129 1330 346 1423 quaestionis
364 1329 579 1417 intelligant,
596 1351 657 1396 nec
673 1329 874 1397 testimonia
890 1330 1118 1421 antiquitatis
1134 1333 1204 1424 ipsi
1220 1328 1300 1403 exa·

128 1438 264 1505 minare
289 1436 402 1505 velint
417 1442 480 1503 ant
497 1435 642 1524 possint,
662 1433 787 1503 audaci
806 1437 1028 1520 affirmationi
1046 1440 1149 1508 facile
1166 1445 1299 1513 cessuri

128 1546 223 1632 sint;
243 1552 278 1612 et
294 1568 371 1613 cum
387 1545 660 1634 conglomeratos
674 1545 828 1612 viderint
845 1544 1030 1613 citationes
1047 1551 1294 1637 symbolorum,

127 1653 388 1738 Concilium,
415 1676 460 1720 ss.
481 1653 625 1721 Petrum
661 1653 796 1743 aliquid
828 1654 869 1721 de
903 1656 1117 1741 processione
1142 1658 1297 1747 Spiritus

128 1764 255 1832 Sancti
279 1763 500 1846 docentium,
527 1762 651 1851 ingens
675 1761 810 1849 pondus
834 1760 869 1827 in
894 1783 1035 1830 numero
1066 1767 1297 1837 constitutum

127 1896 205 1944 esse
230 1874 416 1963 putabunt,
443 1871 603 1962 quamvis
627 1870 663 1937 in
687 1868 732 1936 iis
757 1868 915 1937 omnibus
939 1869 1117 1960 doctrina,
1144 1896 1205 1963 pro
1229 1900 1297 1969 qua

126 1983 378 2074 proferuntur,
403 2002 466 2048 nec
489 1978 654 2068 explicite
678 1988 892 2069 proponatur
914 2000 976 2046 nec
996 1979 1163 2067 implicite
1188 1984 1295 2050 eonti-

126 2095 270 2176 neatur,
284 2093 327 2156 ut
341 2110 403 2177 per
426 2086 600 2175 anelysim
617 2086 740 2154 deduci
765 2094 881 2176 queat.
907 2085 979 2153 Imo
1003 2086 1039 2153 in
1065 2087 1110 2156 iis
1133 2088 1220 2176 ipsis
1238 2091 1297 2158 do-

46 2180 50 2191 ’
125 2196 302 2266 cumentis
325 2216 412 2284 quae
436 2194 604 2275 citantur,
620 2193 745 2282 dogma
768 2191 978 2261 catholicum
994 2201 1057 2261 aut
1073 2198 1216 2284 supponi
1234 2205 1296 2267 ant

124 2303 300 2395 implicite
324 2301 495 2370 contineri
519 2299 750 2391 intelligitur,
778 2300 958 2369 dummodo
980 2299 1099 2370 'status
1122 2307 1297 2394 quaestio-

123 2414 200 2496 nis,
226 2412 287 2501 qui
310 2416 486 2479 tumeret
509 2416 631 2478 contra
654 2408 860 2495 haereticos,
887 2431 1011 2499 scopus
1032 2412 1244 2501 propositus,
1259 2418 1295 2482 et

124 2521 291 2592 doctrina
307 2520 389 2587 aliis
405 2519 441 2586 in
457 2518 543 2586 locis
555 2517 685 2586 diserte
699 2524 734 2586 et
749 2517 916 2607 explicite
932 2519 1066 2589 tradita
1080 2543 1164 2609 prae
1182 2523 1294 2592 oeulis

122 2631 312 2700 habeatur.
338 2627 569 2716 Inspiciamus
600 2649 768 2695 summam
804 2628 1138 2699 circumventionum
1161 2631 1294 2700 erroris

121 2741 166 2809 in
190 2738 348 2831 nequitia
370 2736 557 2805 hominum.

613 2916 765 3021 curun
788 2951 819 3021 ι.

180 3197 223 3242 ΒΕ
247 3194 449 3241 poossumus
473 3192 657 3240 enormius
680 3193 862 3238 DOCTRINAE
884 3194 928 3239 EX
951 3193 1107 3242 eumaeus
1130 3196 1231 3243 mum.

196 3391 350 3461 «Omnia
378 3389 525 3482 antique
557 3389 717 3478 symbola
751 3388 936 3479 inquibus
972 3390 1014 3459 de
1043 3390 1106 3458 hoc
1131 3389 1292 3480 dogmate

119 3501 259 3591 agitur,
287 3500 499 3568 unanimiter
523 3498 656 3581 docent,
684 3496 854 3587 Spiritum
880 3497 1046 3568 Sanctum
1069 3501 1252 3589 procedere
1270 3526 1292 3568 a

119 3609 196 3678 eolo
219 3613 335 3679 Patre.
352 3635 369 3670 n
394 3609 452 3676 Ita
475 3607 624 3674 affirmat
645 3606 822 3675 Macarius
846 3607 911 3694 (l).
936 3609 1049 3700 Atqui
1073 3609 1110 3676 in
1134 3608 1232 3677 nullo
1248 3634 1291 3680 ex

122 3718 285 3789 omnibus
301 3717 457 3809 antiquis
480 3715 648 3806 symbolis
672 3716 875 3786 orthodoxis
890 3716 940 3804 (2)
956 3718 1112 3803 docetur,
1130 3740 1172 3786 ex
1188 3720 1288 3789 nullo

195 3937 238 4015 (1)
259 3960 272 3988 u
292 3940 366 3993 'Icus
386 3940 428 3992 les
447 3938 563 3992 enciens
582 3938 724 4005 symbolas
744 3953 778 3990 oo
796 3940 819 3992 il
846 3940 890 3992 est
919 3939 1050 4008 question
1078 3939 1112 3994 de
1130 3956 1160 3994 ce
1179 3940 1287 4013 dogne,

123 4032 297 4098 cneeiguent
317 4030 531 4098 unanimement
558 4043 610 4097 que
631 4030 657 4082 le
677 4028 882 4098 Sciat-Esprit
904 4029 1021 4098 procede
1044 4029 1080 4082 dn
1104 4032 1174 4084 Pero
1199 4035 1262 4087 seul
1275 4055 1289 4083 e

122 4143 153 4195 p.
169 4123 238 4285 343)
257 4210 420 4278 Symbolum
448 4207 589 4263 'Iheodori
617 4211 809 4277 Mopsuesteni
829 4211 935 4278 Ephesi
964 4210 1125 4267 damnatum
1152 4216 1289 4269 Photlani

122 4303 251 4358 habeant
270 4301 337 4366 sibi,
353 4297 386 4351 de
405 4299 483 4352 onius
502 4301 596 4352 temen
616 4314 701 4353 sensu
722 4298 813 4366 quoad
825 4299 877 4354 lroc
890 4303 974 4367 eaput
988 4301 1179 4369 probabiliter
1194 4305 1288 4358 ortho-

124 4392 198 4448 doxo
219 4389 285 4447 vide
305 4390 356 4445 uh.
372 4389 533 4444 XXXVIII.
548 4403 577 4443 ιι.
590 4389 629 4445 Π.
