3120 4988
698 285 736 298 -
758 254 797 315 54
818 286 856 299 -

194 383 284 428 mam
307 361 474 451 temporis
498 360 625 444 futuri,
654 387 670 425 r
685 358 726 426 de
743 382 816 426 meo
838 359 997 446 accipiet,
1015 371 1047 431 et
1063 357 1292 423 annuntiabit
1309 379 1368 427 vo·

194 470 302 552 bis‚n
329 491 349 534 a
373 468 526 536 Macerio
562 468 689 534 iterum
715 466 752 533 in
777 488 914 533 scenam
945 466 1184 556 producendas
1208 474 1244 534 et
1266 488 1366 534 exor-

191 576 325 642 nandus
357 577 490 662 fuisse;
517 575 558 643 de
594 596 663 664 qua
686 597 724 642 re
748 579 919 664 quantum
943 574 1031 641 satis
1055 582 1121 657 est,
1148 571 1305 640 diximus
1330 573 1368 640 in

195 683 261 751 Th.
281 683 436 750 XXXII.

259 793 292 877 a)
320 791 477 878 Spiritus
501 787 664 871 Sanctus,
684 787 801 878 inquit
824 793 943 856 noster
967 787 1312 877 pneumatomachum
1332 784 1370 853 in

189 900 312 967 futuro
336 901 483 986 accipiet
508 907 586 988 post
620 899 757 966 Christi
782 899 1037 982 ascensionem,
1065 898 1159 965 sicut
1182 896 1218 963 in
1245 897 1371 963 futuro

190 1009 413 1094 clarificabit,
432 1019 467 1075 et
491 1008 740 1088 annuntiabit,·
757 1007 931 1097 processio
948 1014 1066 1074 autem
1085 1013 1137 1073 est
1150 1007 1193 1071 ab
1211 1011 1368 1072 aeterno.

197 1115 398 1204 «Theologi
415 1116 551 1206 quidem
570 1116 772 1184 heterodoxi
791 1116 832 1201 (i.
850 1140 879 1185 e.
895 1117 955 1207 qui
974 1115 1144 1183 haeresim
1161 1113 1371 1181 Photianam

191 1224 371 1306 damnant)
396 1222 508 1290 solent
530 1223 733 1307 advertere,
761 1225 1006 1292 aeternitatem
1023 1222 1060 1289 11
1087 1221 1287 1309 Scripturis
1309 1243 1369 1287 ex·

192 1332 296 1422 primi
322 1355 429 1422 aeque
453 1355 513 1421 per
537 1334 684 1399 formam
708 1332 915 1421 praesentis,
942 1330 1126 1419 praeteriti
1151 1329 1210 1397 vel
1235 1327 1367 1421 futpri3

193 1439 252 1505 sed
276 1437 361 1506 haec
394 1437 601 1527 hypothesis
633 1439 702 1532 iam
735 1440 867 1528 pridem
903 1440 1060 1507 refutata
1083 1446 1138 1506 est
1160 1439 1204 1506 ab
1228 1461 1298 1505 uno
1323 1458 1367 1505 ex

194 1547 281 1636 ipsis
298 1548 441 1636 (Lampe
458 1546 690 1614 11Ι1.Τ.ΠΙ.
710 1570 742 1635 p.
759 1544 1045 1615 3211111111.
1065 1546 1203 1629 1726).t
1220 1546 1369 1626 Quando

195 1678 277 1723 vero
300 1654 405 1722 iidem
429 1653 587 1741 theologi
611 1654 817 1736 concedunt,
839 1675 1028 1721 sermonem
1047 1652 1082 1721 h.
1101 1653 1126 1719 l.
1146 1653 1370 1742 potissimum

194 1785 268 1832 esse
292 1764 333 1830 de
358 1762 572 1851 processione
597 1762 755 1851 Spiritus
787 1760 911 1830 Sancti
935 1759 981 1827 ad
1013 1775 1112 1829 eatra
1147 1760 1297 1835 fundata
1332 1760 1371 1827 11

193 1869 412 1962 processione
437 1869 483 1935 ad
507 1872 616 1951 intra,
646 1870 741 1937 choc
765 1869 840 1958 ipso
865 1871 1043 1952 fatentur,
1069 1870 1106 1935 in
1130 1869 1227 1935 hisce
1252 1868 1371 1936 verbis

194 1978 315 2046 saltem
341 1977 472 2044 directe
497 1999 566 2043 non
590 1977 649 2064 agi
674 1976 716 2044 de
740 1975 959 2064 processione
984 1974 1039 2040 ad·
1054 1978 1169 2056 intra,·
1194 1975 1256 2069 sed
1278 1973 1371 2044 hanc

194 2086 428 2153 deducendam
452 2107 527 2152 esse
551 2083 652 2150 unice
676 2106 717 2150 ex
742 2084 960 2172 processione
982 2080 1028 2148 ad
1044 2097 1144 2148 entra
1161 2080 1262 2149 velut
1278 2081 1372 2150 eius-

194 2193 270 2259 dem
295 2192 607 2258 fundamentum.»
634 2190 784 2272 Verum,
811 2190 950 2280 inquit,
980 2189 1083 2255 uiam
1108 2187 1264 2256 vidimus
1288 2187 1371 2256 mie·

196 2301 326 2367 sionem
350 2299 507 2387 Spiritus
532 2299 652 2366 Sancti
676 2320 697 2363 a
719 2298 813 2365 Filio
838 2297 976 2365 minime
1012 2317 1204 2386 supponere
1234 2317 1371 2384 proces·

196 2406 326 2474 sionem
352 2407 394 2472 ab
418 2406 579 2473 eodemc
606 2405 700 2484 Haec
724 2404 798 2472 ille.

248 2495 346 2580 ¹Post
369 2535 409 2580 ea
433 2534 520 2602 quae
544 2511 712 2579 hactenus
735 2533 757 2578 a
781 2511 879 2578 nobis
895 2512 1134 2578 demonstrata
1150 2514 1246 2593 sunt,
1264 2508 1371 2576 refri-

196 2627 294 2690 catae
319 2620 407 2687 istae
437 2618 658 2706 exceptiones
693 2619 916 2706 responsione
940 2620 1000 2687 vix
1029 2627 1146 2707 egent.
1172 2619 1272 2688 Inter
1296 2619 1371 2687 tria

196 2729 261 2797 illa
284 2730 389 2798 verba
413 2730 573 2814 accipiet,
598 2727 805 2816 clarificabit
819 2777 828 2808 ,
854 2729 1080 2795 annuntiabit
1103 2730 1292 2799 discrimen
1316 2735 1372 2798 esi

98 2841 104 2853 “
195 2836 396 2904 maximum.
422 2834 463 2900 In
483 2835 593 2923 primo
609 2835 820 2902 enuntiatur
836 2834 966 2903 directe
980 2839 1129 2924 acceptio
1147 2837 1301 2905 alicuius
1317 2835 1371 2904 rei

195 2967 255 3011 seu
273 2941 499 3031 perfectionis
515 2942 551 3007 iu
571 2964 639 3009 una
658 2942 780 3009 divina
797 2965 944 3030 persona
960 2945 1003 3010 ab
1019 2943 1144 3027 altera,
1165 2967 1205 3013 ac
1222 2943 1370 3034 proinde

196 3051 353 3120 vicissim
377 3049 642 3117 communicatio
666 3049 709 3116 ab
735 3051 799 3118 hac
823 3074 971 3139 persona
995 3053 1031 3119 in
1056 3051 1166 3134 illam,
1184 3051 1270 3118 licet
1285 3051 1370 3119 haec

194 3158 364 3247 perfectio
389 3179 458 3225 una
481 3179 624 3224 numero
648 3164 722 3223 tum
746 3155 785 3223 in
808 3180 956 3245 persona
980 3158 1256 3225 communicante
1280 3156 1317 3223 h.
1336 3179 1369 3226 e.

194 3265 363 3346 1111111,
382 3275 456 3331 tum
480 3264 518 3330 in
543 3286 690 3353 persona
714 3265 907 3352 accipiente
924 3287 944 3330 a
960 3265 1055 3332 Filio
1071 3263 1107 3331 h.
1126 3287 1158 3333 e.
1176 3266 1211 3332 11
1229 3262 1370 3353 Spiritu

196 3374 326 3442 Sancto
350 3381 512 3441 connotat
536 3373 572 3439 11
597 3373 737 3462 obliquo
761 3396 845 3460 opus
870 3372 915 3438 ad
939 3388 1049 3453 eatra,
1072 3374 1162 3464 quod
1187 3374 1315 3462 incipit
1331 3374 1368 3440 in

195 3491 364 3573 tempore..
386 3481 471 3549 Alie
496 3482 563 3548 duo
588 3482 694 3549 verba
718 3482 940 3568 clarificabit,
958 3481 1186 3547 annuntiabit
1202 3504 1263 3549 nec
1281 3504 1369 3548 com·

195 3592 465 3660 muricationem
497 3614 558 3658 nec
582 3590 786 3658 relationem
823 3592 929 3658 unius
953 3613 1121 3679 personae
1152 3591 1195 3657 ad
1220 3589 1369 3656 alteram

192 3722 255 3787 per
278 3722 311 3764 se
334 3698 556 3787 significant,
582 3699 639 3764 sed
666 3699 906 3766 tantummodo
940 3697 1174 3787 operationem
1197 3697 1245 3786 ad·
1266 3705 1369 3765 extre

194 3812 230 3874 et
254 3828 337 3894 opus
364 3808 399 3872 in
424 3817 587 3894 tempore.
615 3806 714 3872 Unde
739 3830 804 3872 non
831 3804 946 3873 minus
970 3814 1063 3873 recte
1087 3806 1191 3872 Pater
1218 3805 1366 3892 Filium,

195 3935 296 4003 quam
320 3911 436 3979 Filius
460 3915 597 3982 Patrem
617 3913 809 3999 clarificare
822 3914 954 3980 dicitur
971 3913 1033 3997 (l);
1053 3935 1113 3980 nec
1132 3921 1244 3979 tamen
1261 3912 1369 3982 Pater

193 4018 344 4105 aFrlio,
371 4022 429 4088 sed
453 4021 569 4087 Filius
594 4022 721 4110 accipit
745 4043 766 4087 a
788 4021 907 4088 Patre.
933 4020 1061 4086 Eodem
1086 4021 1183 4087 modo
1208 4019 1368 4109 Spiritus

266 4178 308 4253 (1)
330 4202 341 4229 n
363 4183 425 4236 Non
445 4186 533 4237 solum
554 4185 649 4238 Patris
670 4184 791 4249 gloriam
810 4183 914 4248 Filius,
931 4198 1028 4235 verum
1048 4187 1134 4237 etiam
1154 4186 1224 4238 Filii
1246 4189 1368 4252 gloriam

193 4272 308 4323 revelat
326 4274 422 4338 Putem
443 4289 494 4327 nec
520 4277 610 4328 solum
631 4273 702 4326 Filii
723 4276 851 4342 Spiritus
871 4273 1000 4338 Sanctus,
1022 4274 1071 4327 sed
1091 4276 1177 4327 etiam
1197 4276 1291 4330 Filius
1312 4295 1368 4332 ma·

196 4360 318 4416 nitestst
336 4362 463 4432 Spiritus
482 4365 584 4419 Sancti
604 4364 776 4430 dignitatem
793 4385 805 4414 n
827 4363 1313 4430 1111111.11111.11111.1.12.
