3120 4988
632 296 671 312 ..
691 263 730 327 47
750 295 789 311 ..

130 375 200 456 tur,
225 377 346 441 utrum
369 395 489 462 nempe
512 371 630 440 virtus
651 369 814 439 mittendi
836 391 904 437 non
928 373 1102 460 supponat
1126 368 1296 439 virtutem

129 481 360 568 spiratricem,
379 503 419 550 ac
442 473 586 571 proinde
610 484 730 547 utrum
746 480 852 548 Pater
868 486 904 547 et
917 479 1035 546 Filius
1050 501 1089 547 eo
1113 478 1188 568 ipso
1206 479 1297 569 quod

128 592 268 674 propter
283 587 684 656 consubstantialitatem
701 586 794 654 inter
807 608 842 653 se
858 591 943 653 sunt
957 608 1066 652 unum
1082 585 1295 674 principium

127 694 317 780 missionis,
336 718 404 762 non
430 695 503 762 sint
525 695 643 779 etiam,
662 701 804 784 propter
827 693 968 763 eandem
987 693 1298 762 consubstantiali·
1415 739 1419 747 ·

127 806 257 887 tatem,
295 824 403 871 unum
437 802 649 893 principium
683 801 914 892 processionis
949 801 1102 869 eiusdem
1127 800 1295 890 Spiritus.

127 911 245 1002 Neque
269 934 352 979 vero
376 910 534 1001 Cyrillus
558 912 660 994 dicit,
687 910 777 1001 quod
801 909 977 978 Macarius
1002 910 1198 998 supposuit,
1215 910 1321 977 mis--

127 1019 257 1088 sionem
282 1019 438 1109 Spiritus
456 1019 577 1088 Sancti
601 1043 621 1086 a
644 1019 738 1087 Filio
763 1018 905 1086 fundari
930 1020 967 1083 ia
992 1017 1296 1084 consubstantiali·

126 1141 197 1194 tate
220 1126 318 1194 Filii
340 1151 412 1193 cam
436 1129 575 1215 Spiritu
598 1115 742 1209 Sanctia·
766 1126 825 1194 sed
849 1124 1295 1216 quemadmodumAmbro·

125 1236 199 1304 sius
223 1256 264 1303 aa
287 1235 537 1324 Hieronymus,
556 1236 661 1303 etiam
685 1234 844 1325 Cyrillus
869 1235 969 1303 docet
992 1233 1042 1317 id,
1069 1234 1160 1324 quod
1184 1232 1296 1301 decla·

122 1343 294 1427 ravimus,
320 1345 456 1408 ratione
479 1343 855 1409 consubstantialitatis
867 1342 961 1410 Filii
975 1316 1048 1408 dam
1065 1343 1185 1424 Patre,
1203 1343 1298 1412 sicut

122 1459 289 1521 naturam
313 1450 365 1519 ita
388 1452 558 1520 virtutem
582 1451 766 1534 mittendi,
792 1452 971 1542 ipsamque
994 1450 1192 1520 missionem
1217 1451 1296 1541 Spi-

120 1561 218 1630 ritus
243 1559 366 1626 Sancti
390 1582 463 1627 esse
488 1581 591 1627 unam
616 1559 652 1626 in
677 1564 837 1650 utroque.

123 1713 124 1718 κ
157 1696 161 1709 „
189 1669 299 1737 Porro
323 1665 483 1755 cyrillus
512 1667 548 1734 in
573 1670 738 1735 contextu
774 1666 846 1734 tria
881 1666 1049 1735 declarat.
1076 1666 1192 1735 Primo
1228 1665 1293 1752 ait,

122 1774 299 1866 Spiritum
324 1774 490 1842 Sanctum
514 1796 587 1842 esse
611 1774 663 1841 ita
679 1774 858 1863 proprium
875 1772 1049 1863 Spiritum
1065 1773 1164 1858 Filii,
1184 1780 1224 1842 ut
1240 1780 1296 1842 est

121 1881 288 1971 proprius
313 1880 470 1971 Spiritus
494 1881 624 1972 Patris,
641 1880 725 1972 quia
740 1881 858 1949 Filius
881 1885 936 1949 est
951 1881 1051 1948 Patri
1069 1882 1295 1950 consubstan-

122 1989 235 2073 tialis,
260 1997 365 2080 atque
388 1989 473 2058 adeo
497 1989 603 2057 etiam
627 1989 664 2057 in
688 1988 860 2057 relatione
876 1989 920 2058 ad
939 1988 1111 2078 Spiritum
1130 1988 1295 2058 Sanctum

124 2094 231 2164 habet
254 2097 380 2180 omnia,
400 2117 488 2185 quae
513 2103 596 2162 sunt
619 2096 748 2166 Patris.
769 2095 926 2164 Secundo
944 2095 1294 2164 contraMaoedonia·

123 2225 185 2269 nos
209 2202 320 2286 dccet,
340 2201 515 2292 Spiritum
540 2201 705 2271 Sanctum
728 2225 802 2271 esse
819 2205 929 2270 Deum
941 2225 983 2270 ex
1000 2202 1077 2290 ipsa
1091 2202 1294 2270 substantia
1373 2299 1379 2305 ἡ

123 2310 187 2379 Dei
211 2330 252 2376 ac
275 2307 406 2394 Patris,
432 2322 501 2405 non
525 2316 680 2378 creatum
702 2331 723 2375 a
745 2308 852 2394 Filio,
879 2308 938 2377 sed
955 2330 976 2375 a
992 2309 1085 2377 Filio
1110 2316 1295 2377 creaturae
1365 2303 1373 2311 ”

125 2416 396 2505 suppeditatum.
424 2415 544 2484 Tertio
561 2421 702 2507 propter
724 2417 866 2485 eandem
891 2416 1294 2486 consubstantialitatem

124 2524 211 2592 Filii
233 2545 312 2591 cum
335 2524 460 2606 Patre,
486 2546 553 2591 non
578 2524 694 2592 miuus
718 2546 739 2590 a
760 2524 854 2592 Filio
886 2547 989 2615 qnam
1013 2546 1034 2591 a
1058 2525 1162 2592 Patre
1194 2522 1291 2591 mitti

125 2630 297 2722 Spiritum
321 2631 500 2700 Sanctum.
528 2631 659 2721 Scopas
675 2655 795 2723 nempe
810 2632 941 2722 Cyrilli
956 2633 993 2701 h.
1011 2632 1035 2700 l.
1057 2655 1124 2700 non
1150 2637 1205 2700 est
1222 2631 1296 2700 dis-

125 2740 233 2809 tincte
265 2739 405 2809 tradere
435 2741 687 2840 processionem
718 2741 922 2832 modumque
955 2740 1187 2831 processionis
1212 2739 1290 2831 Spi-
1428 2795 1429 2800 ,

124 2855 213 2925 ritus
238 2854 372 2939 Sancti,
399 2856 457 2925 sed
482 2857 678 2924 missionem
701 2856 776 2925 eius
800 2855 941 2924 aPatre
965 2864 1002 2925 et
1024 2855 1130 2938 Filio,
1150 2856 1187 2923 in
1204 2877 1296 2924 com-

124 2962 294 3031 mentario
318 2961 361 3029 ad
385 2961 449 3030 illa
473 2962 612 3030 Domini
635 2962 762 3031 verba:
789 2962 882 3031 sicut
905 2962 1012 3031 misit·
1026 2983 1078 3030 me
1100 2963 1229 3048 Pater,
1256 2967 1291 3030 et

125 3076 198 3159 ego'
211 3068 314 3138 mitto
339 3091 414 3138 vos.

110 3167 112 3173 ’
185 3180 238 3246 De
261 3177 425 3247 missione
441 3201 524 3247 vero
540 3185 576 3247 et
591 3180 809 3268 processione
834 3177 940 3246 simul
959 3183 1119 3267 spectata
1134 3176 1294 3266 Cyrillus
1323 3229 1328 3239 .

124 3285 198 3374 agit
222 3284 320 3354 sieut
353 3284 439 3352 alibi
476 3308 599 3374 saepe,
626 3287 680 3354 ita
704 3287 740 3354 in
764 3285 821 3353 his
846 3287 1103 3355 commentariis
1127 3286 1152 3355 l.
1179 3285 1225 3354 X.
1250 3283 1294 3352 ad

123 3393 171 3465 Io.
187 3393 270 3463 XV.
290 3393 353 3482 aa,
372 3395 471 3463 XVI.
490 3395 545 3463 12.
576 3396 634 3463 13.
657 3396 746 3464 Eius
782 3396 976 3465 doctrinam
1013 3396 1291 3480 disertissimam,
1373 3443 1382 3457 .

123 3511 291 3594 quantum
308 3503 396 3571 satis
412 3511 476 3588 est,
492 3503 703 3592 descriptam
719 3504 826 3572 habes
839 3504 876 3572 in
890 3505 957 3573 Th.
972 3504 1127 3573 XXXII.
1140 3503 1289 3572 XXXV.

307 3721 340 3797 §-
365 3715 434 3785 III.
460 3717 512 3784 De
529 3740 677 3805 persona
700 3717 842 3800 divina,
868 3742 957 3810 pace
979 3711 1109 3807 accipit

520 3825 563 3890 al
588 3826 700 3891 altera
718 3849 878 3929 persona.

181 4042 299 4122 Multo
321 4041 427 4109 etiam
451 4043 639 4141 absurdius
670 4065 772 4134 quam
796 4045 832 4111 in
869 4041 1181 4132 praecedentibus,
1218 4040 1292 4108 Ma·

124 4150 236 4217 carius
275 4148 436 4236 disputat
459 4149 500 4217 de
533 4150 668 4218 diserta
704 4150 768 4217 illa
803 4150 936 4219 Christi
959 4150 1100 4217 Domini
1133 4149 1294 4217 doctrina

124 4254 167 4325 lo.
185 4255 289 4324 XVI.
310 4255 425 4340 lats,
453 4279 555 4350 quam
579 4258 616 4324 in
641 4257 706 4324 Th.
726 4258 868 4325 XXXII
890 4257 1128 4346 exposuimus.

184 4366 219 4435 1⁰
242 4364 324 4436 Non
347 4365 453 4434 verba
476 4365 588 4456 ipsius
612 4364 747 4464 Christi
769 4365 911 4434 Domini
934 4365 1204 4458 interpretatur,
1231 4365 1290 4435 sed
