3120 4988
706 308 743 323 -
765 273 804 340 (50
828 309 865 324 ..

198 382 334 451 Otr-isti
355 391 392 454 et
414 387 570 473 Spiritus
593 385 685 454 Iesu.
711 389 811 456 Hanc
835 378 1190 460 doctrinam'christi
1221 400 1258 463 et
1279 395 1373 484 Apo·

196 492 365 560 stolorum
388 515 456 560 non
481 493 592 561 solum
616 494 727 564 obiter
752 496 962 582 inducimus,
990 499 1276 588 quemadmodum
1299 503 1374 573 Ma-

195 600 312 667 carius
335 607 440 686 putat
462 606 510 689 (p.
531 601 627 689 341),
654 603 754 671 velut
778 603 923 670 minoris
939 606 1115 691 momenti;
1135 607 1196 674 sed
1212 608 1375 678 imoeam

194 729 235 775 ex
259 709 432 776 communi
456 732 626 777 consensu
651 733 698 778 ss.
717 711 865 778 Petrum
899 710 1048 778 dicimus
1081 714 1304 784 manifestam
1337 725 1375 786 et

194 836 390 902 expressam
414 803 687 884 declarationem
712 804 863 906 originis
887 817 1044 906 Spiritus
1074 819 1243 903 Sanctia
1265 822 1375 891 Patre

196 927 231 988 et
253 921 359 990 Filio.
386 920 562 990 Macarius
587 923 659 990 tria
683 924 838 1012 opponit.

263 1030 296 1097 1⁰
319 1029 397 1113 Ait,
427 1054 498 1098 sea
522 1053 609 1121 quae
633 1032 881 1098 attribuuntur
905 1032 1085 1101 distinctis
1108 1036 1278 1121 personis,
1303 1059 1373 1105 non

196 1137 392 1205 necessario
426 1137 584 1225 intelligi
609 1138 762 1225 singulis
797 1126 974 1206 attributa
997 1146 1140 1229 propter
1164 1166 1269 1211 unam
1292 1164 1374 1211 ean·

196 1244 338 1335 demque
362 1245 584 1331 rationem3u
611 1268 710 1333 posse
734 1269 818 1334 ergo
842 1246 913 1313 dici
937 1246 1111 1334 Spiritum
1134 1249 1267 1334 Patris,
1287 1252 1374 1342 quia

197 1373 218 1417 a
240 1353 345 1420 Patre
367 1353 536 1440 procedit,
558 1360 592 1420 et
609 1353 781 1439 Spiritum
798 1354 887 1421 Filii
902 1360 1044 1442 propter
1060 1355 1166 1423 aliam
1182 1357 1369 1428 rationem.

262 1461 478 1547 Principium
493 1461 590 1528 istud
607 1460 846 1528 Macarianum
863 1462 1006 1529 deducit
1021 1462 1065 1529 ad
1082 1462 1254 1533 haeresim
1266 1468 1373 1536 Aria-

195 1591 294 1657 nan1;
322 1570 390 1636 imo
414 1575 468 1637 est
491 1570 757 1637 fundamentum
781 1569 1096 1655 hermeneuticum,
1123 1573 1181 1640 oui
1204 1580 1281 1642 tota
1305 1575 1372 1643 illa

197 1675 350 1744 haeresis
373 1675 555 1743 innititur.
582 1675 659 1746 Nou
677 1682 779 1744 erant
802 1676 857 1742 illi
883 1677 935 1743 ita
959 1675 1111 1763 hebetes,
1133 1686 1256 1746 utnon
1275 1682 1371 1750 vide·

195 1785 271 1852 rint
291 1784 330 1850 in
355 1781 553 1871 Scripturis
577 1784 694 1851 eadem
717 1782 869 1851 attribui
892 1783 998 1868 Filio,
1017 1805 1104 1873 quae
1121 1786 1372 1857 attribuuntur

182 1878 320 1976 ¹Patri;
347 1890 405 1957 sed
430 1889 703 1977 respondebant,
732 1889 823 1978 quod
856 1903 950 1957 nunc·
973 1891 1025 1957 ait
1047 1889 1246 1977 Macarius,
1271 1917 1373 1982 posse

196 1999 261 2067 illa
284 1998 443 2086 intelligi
466 1999 647 2065 distinctis
671 1999 828 2086 personis
852 1999 1029 2064 attributa
1051 2005 1192 2086 propter
1209 2002 1372 2072 diversas

195 2110 361 2178 rationes.
376 2106 427 2174 Re
440 2115 556 2174 autem
569 2127 664 2188 vera,
674 2105 847 2196 quidquid
861 2104 976 2172 divini
990 2105 1030 2172 de
1042 2106 1200 2192 personis
1215 2107 1278 2176 SS.
1290 2111 1370 2180 uri-

194 2217 321 2283 nitatis
335 2216 479 2297 dicitur,
494 2214 551 2282 vel
568 2223 622 2281 est
637 2213 816 2300 proprium
828 2213 889 2278 uni
905 2234 1071 2299 personae
1081 2219 1139 2298 (ut
1152 2217 1367 2302 paternitas,

194 2323 333 2406 filiatio,
358 2321 565 2410 processio);
592 2319 628 2387 id
653 2320 796 2387 veroin
822 2319 1020 2407 Scripturis
1044 2319 1136 2386 nulli
1161 2318 1268 2390 alteri
1290 2347 1369 2411 per-

196 2453 299 2497 sonae
311 2429 535 2512 attribuitur,
549 2449 612 2493 nec
628 2427 702 2495 sine
718 2449 836 2495 errore
854 2426 1054 2493 Sabelliano
1069 2427 1220 2495 attribui
1234 2435 1366 2516 potest:

194 2536 251 2627 vel
274 2547 329 2604 est
352 2558 527 2603 commune
561 2536 718 2622 personis
750 2534 913 2622 pluribus
937 2540 993 2621 (ut
1024 2532 1151 2601 relatio
1186 2535 1308 2603 Patris
1334 2545 1370 2606 et

192 2645 280 2713 Filii
306 2645 351 2710 ad
374 2646 544 2730 Spiritum
562 2667 657 2706 suum
670 2640 857 2710 secundum
875 2642 1042 2708 disertam
1060 2641 1256 2709 doctrinam
1274 2643 1369 2712 Scri·

193 2758 350 2841 pturac);
377 2751 413 2817 id
438 2772 521 2819 vero
543 2750 740 2817 necessario
765 2756 818 2815 est
843 2771 949 2816 unum
973 2771 1116 2816 numero
1141 2759 1176 2816 et
1200 2750 1369 2819 indistin-

195 2866 289 2927 ctum
313 2860 350 2925 in
374 2859 497 2926 iisdem
520 2857 683 2945 pluribus
706 2856 877 2944 personis,
896 2856 1023 2946 quibus
1047 2856 1275 2926 attribuitur.

260 2968 294 3034 2⁰
311 2968 484 3034 Recentat
500 2966 696 3032 Photianus
713 2963 889 3051 stropham
905 2963 1015 3046 illam,
1035 2963 1077 3030 de
1095 2985 1163 3053 qua
1179 2964 1247 3031 iam
1266 2986 1368 3052 saepe

194 3074 359 3156 diximus,
379 3076 463 3164 quid
488 3074 564 3141 veri
589 3073 731 3164 etquid
758 3073 840 3139 falsi
865 3074 992 3140 subsit.
1019 3072 1142 3139 Potest
1157 3073 1227 3139 dioi
1253 3072 1366 3162 Spiri-

193 3187 253 3249 tus
276 3181 395 3248 Patris
419 3187 455 3247 et
477 3179 576 3262 Filii,
604 3180 734 3270 inquit,
753 3182 835 3268 quia
851 3186 907 3246 est
923 3178 1022 3244 Patri
1038 3177 1201 3268 Filioque
1220 3181 1367 3247 consub-

194 3271 387 3356 stantialis.
415 3285 483 3353 Sed
507 3287 568 3353 ubi
590 3310 711 3352 nomen
731 3288 886 3372 Spiritus
902 3285 1082 3371 significat
1098 3308 1280 3374 personam
1297 3292 1367 3354 ter·

192 3398 278 3464 tiam
303 3395 339 3461 in
365 3394 773 3477 Trinitate,.necessario
798 3393 987 3462 relativum
1012 3400 1078 3476 est,
1097 3393 1195 3482 ‘quod
1221 3393 1271 3460 sit
1293 3398 1367 3483 spi-

192 3527 308 3570 ramen
331 3526 389 3569 seu
419 3504 567 3588 spiratio
602 3507 667 3588 (ut
690 3501 743 3568 ait
766 3501 1012 3584 Athanasius)
1035 3520 1225 3587 personae,
1252 3520 1273 3565 a
1298 3522 1367 3590 qua

193 3612 351 3700 spiratur
374 3610 410 3677 h.
429 3631 460 3677 e.
482 3610 673 3696 spiratione
697 3609 867 3696 procedit.
895 3607 998 3676 Sicut
1014 3629 1097 3694 ergo
1114 3609 1269 3694 Spiritus
1295 3609 1366 3675 Pa-
1398 3630 1400 3634 ·

193 3722 272 3802 tris,
289 3719 341 3786 ita
363 3718 520 3804 Spiritus
538 3717 631 3782 Filii
654 3717 691 3782 in
709 3715 844 3782 directa
860 3714 1121 3802 significatione
1145 3714 1233 3782 dicit
1256 3719 1366 3804 spira-

193 3840 263 3891 tum
287 3848 309 3888 a
332 3826 463 3905 Patre,
500 3825 671 3910 spiratum
695 3821 836 3887 alitio
872 3826 939 3907 (το
973 3844 1121 3909 aucupa,
1150 3822 1169 3895 ii
1196 3845 1281 3897 πνοη
1307 3847 1364 3887 και

192 3922 341 4015 tacita).
370 3931 481 4012 Quam
506 3929 830 4016 interpretationem
844 3928 1016 3996 communi
1033 3928 1178 3994 Patrum
1196 3951 1365 3997 consensu

192 4040 229 4106 in
254 4038 361 4106 Thasi
386 4040 497 4105 citata
513 4037 750 4104 confirmatam
769 4037 886 4104 habes.
906 4037 1139 4103 Immanentes
1156 4043 1272 4104 autem
1290 4061 1364 4126 pro-

192 4147 363 4215 cessiones
398 4168 622 4232 personarum
659 4145 695 4210 in
721 4142 783 4211 SS.
804 4143 982 4209 Trinitate
1018 4141 1141 4231 utique
1176 4143 1365 4214 includunt

193 4254 603 4335 consubstantialitatem,
620 4275 697 4320 oum
710 4250 958 4339 processiones
971 4250 1019 4316 sit
1032 4272 1093 4316 nec
1106 4249 1241 4338 concipi
1251 4252 1363 4338 possit

191 4365 262 4434 nisi
278 4384 339 4454 per
352 4360 697 4432 communicationem
714 4359 820 4429 unius
836 4379 977 4427 numero
990 4359 1224 4428 substantiae.
1241 4386 1258 4422 u
1274 4360 1361 4443 Qas-
