3158 4980
755 283 792 296 ..
814 249 852 314 87
873 282 910 296 ..

278 372 350 427 error
368 364 491 430 contra
514 359 637 448 dogma
660 380 764 448 penes
781 358 932 426 Graecos
956 377 1131 444 emergere
1147 355 1342 440 videretur,
1361 357 1414 426 vi·

193 458 196 465 '
278 477 331 532 tun
348 474 400 535 est
422 467 588 557 antiquae
612 465 693 533 fidei
718 467 944 534 fundamenta
968 464 1004 529 in
1030 462 1216 551 Scriptura
1240 473 1274 532 ct
1298 465 1412 532 Patri·

276 562 512 668 businquirere
536 584 571 645 et
596 575 838 645 veritatemex
864 575 991 642 eisdem
1015 573 1161 641 munire.
1181 573 1238 642 Ita
1256 574 1295 641 in‘
1311 575 1417 642 omni·

151 750 154 755 .
274 669 322 746 tus
340 682 502 752 Consiliis
519 706 649 773 semper
668 693 785 751 actum
801 690 854 750 est
871 681 981 772 quoad
1005 668 1174 749 veritates
1190 681 1321 770 pridem
1341 681 1416 771 quiss

268 778 331 855 dem
359 792 535 875 creditas,
576 792 635 860 sed
670 813 761 859 nova
795 775 1031 859 declaratione
1067 774 1187 857 contra
1224 791 1420 858 haereticos

262 889 496 986 vindicandas;
522 899 588 968 hac
612 899 703 968 enim
727 898 887 967 methodo
909 899 1065 995 >antiqua
1097 897 1182 965 fides
1207 898 1248 966 de
1273 901 1417 968 consub-

253 1000 486 1076 stantialicarc
509 1008 598 1076 Filii
622 993 700 1076 cum
722 1008 848 1093 Patre3
874 1013 949 1075 tum
966 1007 1007 1074 de
1024 1005 1161 1073 unitate
1180 1029 1359 1094 personae,
1377 1008 1417 1076 de

244 1095 384 1184 duabus
397 1115 632 1206 impermistis
646 1114 785 1183 naturis
809 1116 1011 1205 duabusque
1035 1113 1295 1202 operationibus
1308 1121 1343 1182 et
1360 1137 1421 1181 vo

199 1298 205 1309 ι
233 1197 446 1292 luctati-bns
470 1225 507 1290 in
530 1211 690 1310 Christ03
718 1224 758 1291 dc
783 1222 882 1291 cultu
899 1221 1050 1290 relativo
1067 1222 1259 1311 imaginum
1276 1222 1421 1290 definita

226 1325 304 1430 {⁸⁶2
335 1340 374 1400 ut
397 1339 536 1407 constat
559 1357 600 1402 ex
624 1332 775 1400 historia
798 1339 837 1400 et
858 1331 948 1400 actis
974 1330 1165 1420 primorum
1185 1341 1316 1420 septem
1335 1331 1419 1400 Con·

217 1420 423 1508 clliorum.
449 1440 544 1509 Ilaec
575 1451 692 1508 autem
722 1439 918 1509 vindicatio
952 1439 1131 1508 doctrinae
1160 1439 1352 1508 catholicae
1384 1440 1421 1507 in

209 1514 404 1617 Concilio
427 1548 709 1640 Aquisgranensi
732 1571 775 1616 ex
799 1560 911 1615 mente
927 1547 1044 1618 Caroli
1068 1569 1106 1615 eo
1132 1548 1278 1616 maxime
1304 1548 1421 1617 tende·

269 1650 323 1743 t,
351 1664 391 1724 ut
413 1679 434 1722 a
457 1657 572 1724 Leone
594 1644 765 1725 Pontifice
789 1657 973 1741 obtineret,
999 1677 1067 1723 non
1092 1654 1161 1722 iam
1186 1656 1422 1724 definitionem

199 1729 425 1851 dogmags
449 1765 492 1831 ab
516 1763 662 1854 ipsomet
686 1762 798 1833 Leone
823 1763 1026 1854 proclamati
1044 1765 1081 1830 iu
1098 1785 1163 1831 sua
1187 1764 1422 1832 declaratione

197 1848 274 1927 Ἢ
316 1871 518 1957 orientales,
538 1874 597 1942 sed
614 1874 768 1942 eiusdem
785 1873 1014 1962 professionis
1030 1871 1254 1940 insertionem
1273 1871 1310 1938 in
1328 1895 1420 1961 sym-

187 1944 386 2050 ·hQIum,
406 1982 499 2051 Haec
522 1984 575 2051 ita
598 1983 636 2051 in
659 1982 813 2051 Concilio
838 1989 938 2073 gesta
969 2003 1043 2051 esse
1068 1981 1234 2050 discimus
1258 1992 1325 2047 non
1340 1991 1422 2081 (tam

199 2079 282 2150 (ἢ
315 2091 440 2180 paucis
464 2092 581 2161 verbis
606 2092 786 2162 annalium
810 2092 909 2159 illius
933 2093 1064 2159 aetatis
1081 2115 1180 2182 quam
1198 2113 1240 2159 ex
1257 2091 1314 2173 iis,
1334 2111 1421 2181 quae

207 2191 251 2246 θ’
278 2193 418 2288 legatis
435 2199 551 2268 Caroli
567 2199 764 2269 Bernherio
788 2200 958 2290 Episcopo
981 2199 1233 2269 Wormatiensi
1256 2204 1293 2266 et
1314 2197 1421 2266 Adel-

214 2279 364 2396 hardo
387 2309 524 2375 Abbate
558 2297 756 2376 corbeiensi
789 2313 867 2397 post
897 2307 1088 2376 Concilium
1123 2308 1167 2376 ad
1191 2307 1338 2376 Leonem
1362 2303 1419 2376 ΠΙ

222 2415 384 2500 1laiseis,
409 2438 525 2493 coram
549 2404 663 2486 eodem
688 2415 857 2484 Pontifice
881 2416 1040 2504 exposita
1064 2416 1160 2484 sunt'.

316 2516 475 2594 Primum
494 2551 510 2588 c
527 2523 621 2593 lecta
644 2531 727 2593 sunt
743 2546 803 2614 per
820 2523 973 2594 ordinem
992 2524 1205 2611 testimonia,
1222 2553 1238 2589 n
1258 2513 1345 2620 quae
1361 2549 1424 2619 pu-

234 2627 378 2703 tantur
403 2631 513 2699 fuisse
537 2632 602 2699 ills
625 2630 720 2700 edita
743 2633 786 2699 ab
810 2631 992 2700 Holsteuio
1016 2634 1080 2700 suli
1103 2635 1344 2702 commentitia
1366 2639 1423 2723 (nt

237 2741 410 2823 videtur)
435 2738 666 2829 inscriptione
688 2739 858 2828 'epistolae
881 2739 998 2807 Caroli
1027 2741 1248 2829 imperatoris
1272 2743 1316 2811 ad
1340 2741 1424 2809 Leo·

239 2864 328 2919 nem
352 2844 410 2914 1211
433 2846 562 2935 (Mausi
586 2847 626 2915 Τ.
647 2837 745 2917 XIV.
766 2873 799 2938 p.
818 2847 889 2936 23).
916 2849 1025 2917 Lecta
1049 2860 1165 2917 autern
1188 2872 1255 2917 non
1281 2851 1427 2918 suntad

243 2955 450 3029 doctrinam
473 2955 637 3040 Pontifici
662 2957 947 3046 persuadendam,
967 2962 1007 3025 ut
1031 2959 1142 3026 stulte
1166 2958 1219 3026 ait
1234 2957 1423 3044 Macarius,

246 3085 331 3134 cum
355 3065 424 3132 imo
439 3055 605 3132 Pontifex
628 3063 705 3153 ipse
728 3058 978 3152 professionem
995 3065 1064 3134 iam
1085 3088 1185 3155 saepe
1203 3074 1426 3135 memoratam

248 3172 408 3241 misisset
431 3172 475 3239 ad
499 3172 760 3260 imperatorem,
786 3174 847 3242 sed
871 3174 1113 3247 recitabantur
1141 3175 1343 3254 testimonia
1366 3196 1427 3263 per

252 3282 393 3350 modum
416 3280 688 3350 introductionis
710 3290 745 3350 et
768 3281 1109 3372 praeparationis-ad
1134 3306 1272 3373 scopum
1298 3282 1428 3374 princi-

255 3412 330 3476 pem
354 3389 544 3478 legationis
568 3389 780 3475 Caesareae,
807 3397 867 3477 ut,
895 3391 1185 3483 quemadmodum·
1204 3392 1382 3476 diximus,
1408 3412 1429 3456 a

257 3497 424 3565 Pontifice
448 3497 700 3586 impetraretur
723 3498 889 3566 solemnis
906 3498 1261 3567 sanctio‘insertionis
1279 3494 1315 3565 iu
1333 3520 1425 3586 sym·
1463 3583 1465 3587 ¹

259 3604 384 3673 bolum.
410 3604 502 3670 Hinc
526 3605 563 3673 in
594 3604 736 3703 exordio
771 3605 872 3674 illius
907 3599 1125 3674 collectionis
1148 3605 1428 3674 testimoniorum

261 3715 482 3806 conqueritur
505 3720 640 3798 auctor,
660 3715 750 3805 qnod
775 3715 951 3785 articulus
974 3716 1016 3784 de
1034 3716 1251 3804 processione
1269 3715 1426 3804 Spiritus

260 3819 380 3892 Sancti
405 3822 552 3893 iamdiu
568 3845 636 3889 non
660 3828 733 3889 tam
755 3821 906 3890 instanti
927 3824 1198 3913 praedicatione,
1217 3831 1258 3891 ut
1273 3830 1427 3913 tempore

258 3952 302 4019 ss,
320 3931 480 4015 Petrum,
503 3927 681 3999 ¹inculcari
698 3941 945 4018 consueverat,
972 3955 1064 4000 nunc
1082 3942 1197 3999 eutem
1217 3954 1332 4000 errore
1350 3955 1427 4014 con·

255 4040 369 4109 trario
385 4048 583 4129 emergente
602 4068 618 4104 c
635 4039 751 4109 voluit
767 4041 983 4130 omnipotens
999 4042 1093 4109 Deus
1110 4041 1147 4108 in
1164 4042 1305 4111 eandem
1323 4059 1426 4133 quae*

251 4151 405 4218 ctionem
429 4154 531 4240 (quae
554 4149 617 4217 diu
640 4149 842 4229 indiscussa
864 4136 1016 4234 iacebat)¹
1047 4151 1219 4232 suscitare
1243 4151 1349 4219 corda
1372 4172 1428 4239 pa-

251 4267 448 4328 storum...
474 4283 516 4326 nc
547 4260 685 4325 siccata
714 4261 843 4325 snt-oric
876 4261 995 4351 iniq-ui
1028 4285 1203 4355 semenque
1235 4263 1427 4353 malipnum

243 4371 406 4467 formosi
432 4368 548 4436 tritici
563 4367 678 4466 calcat
695 4371 886 4459 opprimere
896 4368 1072 4456 structam,
1087 4387 1152 4441 cut
1165 4374 1285 4441 colons
1297 4373 1429 4461 possint
