3120 4988
683 290 725 303 —
742 254 806 320 aba
822 286 866 301 -·-

192 356 317 426 tholici
340 356 533 425 consentire
556 363 727 445 poterant,
747 365 868 447 etqua
890 356 926 423 in
942 360 1160 425 antecessum
1176 355 1371 424 vindicata

190 475 247 534 est
268 465 401 535 additio
424 465 621 555 particulae
644 465 826 555 Filioque,
852 470 926 532 tum
950 465 1116 554 temporis
1139 465 1177 532 in
1199 465 1370 534 Ecclesia

191 575 344 642 Romana
367 575 518 642 nondum
536 573 673 665 quidem
691 575 797 658 faeta,
814 573 873 641 sed
890 573 992 642 cuius
1008 575 1254 643 necessitatem
1270 581 1367 663 post·

190 682 255 750 hac
278 683 419 751 induxit
453 683 529 771 ipsa
555 705 648 771 uper
673 680 820 770 maligni
850 688 945 750 artes
976 683 1131 752 excitata
1167 682 1364 752 haeresis»

190 788 363 857 Photiana
387 790 449 876 (1).

256 896 291 963 4⁰
313 897 408 964 Haec
432 918 516 964 vera
539 897 678 988 quidem
703 902 797 980 sunt,
824 897 856 964 si
882 899 988 966 verba
1012 921 1072 986 per
1088 921 1123 966 se
1141 902 1361 986 spectentur3

193 1006 252 1074 sed
276 1005 350 1073 sine
375 1005 479 1074 dubio
497 1005 590 1071 alius
614 1026 738 1092 scopos
763 1009 839 1072 erat
854 1004 1133 1075 haeresiarchae.
1148 1006 1258 1076 Valet
1272 1008 1363 1076 enim
1435 1012 1438 1019 '

193 1114 298 1181 etiam
322 1114 402 1196 hic,
433 1114 522 1204 quod
546 1113 669 1180 Patres
700 1135 800 1201 saepe
835 1120 1097 1202 conqueruntur
1131 1115 1174 1182 de
1197 1114 1361 1201 Arianis,

193 1223 287 1311 ipsos
311 1221 348 1287 in
366 1221 439 1287 suis
455 1221 617 1288 formulis
633 1220 788 1288 subdolis
803 1219 901 1289 aliud
918 1220 1050 1288 dixisse
1063 1221 1192 1306 verbis,
1212 1230 1250 1290 et
1266 1223 1364 1292 aliud

195 1336 309 1397 mente
326 1328 553 1397 intellexisse.
572 1329 761 1418 Postquam
779 1335 920 1418 propter
937 1329 1151 1398 invasionem
1168 1331 1263 1398 sedis
1280 1331 1366 1399 Con-

197 1438 529 1526 stantinopolitanae
546 1461 567 1504 a
590 1460 617 1504 s.
637 1433 781 1506 Nicolao
797 1435 828 1503 I.
848 1435 1096 1506 condemnatus
1112 1439 1244 1525 fuerat,
1264 1439 1366 1508 homo

107 1617 111 1625 ,
195 1545 463 1640 superbissimus
487 1544 587 1612 velut
611 1543 716 1612 furiis
740 1549 841 1611 actus
863 1566 952 1610 anno
969 1544 1047 1614 867.
1065 1545 1210 1634 scripsit
1231 1547 1365 1636 episto·

195 1653 264 1720 lam
287 1652 500 1741 encyclicam
518 1652 561 1720 ad
578 1651 798 1740 patriarchas
815 1652 1016 1735 orientales,
1033 1655 1168 1745 quaeis
1185 1652 1370 1745 proposuit

197 1762 367 1850 synodum
392 1768 513 1828 contra
546 1760 728 1828 Nicolaum
759 1760 962 1829 habendam.
988 1760 1031 1828 In
1055 1761 1112 1829 his
1134 1762 1273 1831 litteris
1295 1765 1378 1854 pri-

196 1892 288 1936 mum
311 1889 418 1936 ausus
442 1872 496 1935 est
519 1866 765 1936 occidentalem
788 1867 982 1936 Ecclesiam
1014 1892 1178 1939 accusare
1210 1873 1379 1964 quinque

195 1976 379 2044 haereseon
405 1975 466 2062 (2),
485 1998 631 2066 quarum
653 1974 753 2043 nulla
775 1975 889 2044 adhuc
913 1977 945 2044 ei
969 1977 1006 2044 in
1031 1985 1178 2046 mentem
1202 1990 1379 2064 venerat,

196 2073 361 2176 quamdiu
378 2085 562 2151 fraudibus
586 2105 626 2151 ac
650 2084 837 2151 mendaciis
854 2085 1136 2174 approbationem
1153 2109 1239 2155 suae
1263 2088 1410 2156 inva—

196 2192 306 2260 sionis
328 2190 516 2259 a·Nicola0
533 2197 738 2280 extorquere
755 2212 791 2257 se
814 2212 914 2278 posse
938 2192 1111 2279 sperabat.
1131 2191 1293 2274 Quatuor
1311 2216 1435 2262 ca·-

197 2299 284 2389 pita,
311 2300 480 2366 ieiunium
505 2297 687 2381 Sabbathi,
703 2321 803 2365 usum
827 2297 1088 2368 lacticiniorum
1104 2300 1140 2368 in
1156 2301 1271 2388 prima
1287 2300 1441 2371 heb-—

198 2406 343 2474 domada
366 2405 660 2494 Quadragesimae
684 2406 722 2491 (i.
741 2428 772 2472 e.
791 2414 870 2493 post
891 2407 1107 2476 Dominicam
1139 2408 1441 2500 Quinquageae

199 2514 354 2599 simam),
379 2514 490 2602 legem
514 2513 706 2582 coelibatus
731 2512 924 2599 clericalia,
951 2516 1172 2583 reiectionem
1197 2516 1441 2585 chrisma-2

197 2623 305 2691 tionis
335 2645 397 2710 per
426 2623 648 2710 presbyteros
678 2619 883 2707 (Photianos
917 2629 951 2689 et
986 2624 1173 2691 chrismate
1197 2646 1218 2690 a
1242 2625 1441 2693 Photicr

199 2729 650 2818 consecrato)in>Bulgaria
674 2728 884 2816 (pertinente
908 2730 951 2797 ad
975 2732 1256 2819 patriarchatum
1281 2734 1441 2801 occi!

198 2840 395 2925 dentalem),
414 2840 531 2907 verbis
554 2842 731 2908 atrocibus
749 2837 807 2906 sed
824 2838 946 2926 paucis
969 2841 1167 2928 exprobrat;
1188 2861 1313 2907 verum
1333 2841 1414 2908 inf

199 2949 437 3033 describenda,
464 2947 566 3016 falsis
591 2948 781 3039 suppositis
805 2955 840 3016 et
864 2946 1067 3036 sophisticis
1094 2949 1252 3036 argutiis
1274 2951 1368 3019 refu-

199 3056 319 3140 tanda,
338 3078 377 3124 ac
400 3058 559 3124 omnibus
582 3057 671 3125 diris
695 3055 896 3125 devovendo
919 3054 1055 3123 haeresi
1080 3057 1203 3147 quinta
1229 3057 1369 3126 nullum

200 3166 336 3234 modum
359 3171 466 3234 tenet.
493 3166 623 3254 Nempe
649 3160 938 3233 «sacrosanctum
963 3164 1157 3251 symbolum
1181 3165 1371 3235 sententiis

273 3385 315 3458 (1)
335 3387 439 3441 Confer
458 3387 640 3440 scholiastem
660 3400 788 3451 graccum
809 3383 882 3452 apud
901 3384 994 3436 blansi
1007 3383 1100 3437 XVII.
1115 3397 1144 3447 p.
1160 3381 1224 3434 512.

273 3474 315 3551 (2)
332 3479 366 3530 In
386 3479 510 3546 epistola
530 3476 565 3528 ad
584 3477 749 3529 Michaslem
768 3491 862 3540 regem
882 3473 1034 3538 Bulgariac
1054 3471 1149 3524 eodem
1162 3474 1289 3537 tempore
1302 3472 1373 3526 scri·

204 3572 255 3634 pta
273 3568 393 3621 Photius
412 3568 491 3619 hisce
511 3567 636 3633 quinqua
656 3565 738 3617 addit
756 3568 877 3631 quatuor
896 3565 956 3617 alia
974 3562 1095 3616 erimina
1114 3561 1218 3627 partim
1235 3576 1373 3614 commen·

203 3659 272 3711 titia
291 3658 398 3724 partim
417 3656 550 3723 ridicula,
567 3656 672 3723 quibus
691 3654 788 3715 rudem
807 3657 919 3719 gentem
939 3652 1126 3716 Balgarorum
1154 3651 1325 3704 commoveri
1344 3652 1373 3703 et

202 3750 363 3802 aRomana
381 3745 510 3802 Ecclesia
531 3747 625 3800 averti
646 3762 727 3813 posse
741 3726 876 3812 putabat.
892 3742 974 3808 Apud
1000 3741 1108 3794 latinos
1137 3757 1235 3807 nempe
1265 3740 1370 3806 aiebat,

200 3840 324 3893 chrisma
343 3840 441 3891 confici
460 3852 495 3888 cx
514 3853 588 3903 aqua
613 3837 749 3901 fluminis,
772 3851 874 3899 agnum
892 3834 923 3885 in
944 3833 1079 3900 paschate
1098 3849 1173 3885 more
1203 3833 1369 3885 Iudaeorum

204 3945 287 3995 super
305 3929 394 3980 altari
413 3927 522 3994 pariter
541 3944 600 3980 cum
621 3927 760 3978 dominico
780 3928 895 3992 corpore
916 3923 1045 3975 benedici
1065 3928 1094 3976 et
1113 3924 1217 3991 offerri,
1240 3923 1370 3976 diaconos

203 4039 259 4076 non
279 4026 407 4088 suscepto
436 4021 653 4089 presbyteratus
681 4017 768 4071 officio
795 4015 925 4070 ordinari
946 4015 1116 4082 Episcopos3
1138 4015 1267 4068 haeresis
1292 4016 1411 4070 denlae

205 4129 258 4179 que
281 4113 335 4164 illa
354 4113 455 4175 ingena
476 4111 618 4164 accedita
644 4109 759 4161 Graecis
790 4108 922 4172 deinceps
952 4121 1034 4172 saepe
1064 4107 1094 4157 in
1114 4105 1221 4158 crimen
1240 4106 1416 4174 adducta,

207 4204 305 4269 «qnia
323 4202 418 4254 clerici
439 4201 541 4255 barbas
561 4200 660 4252 radere
681 4213 747 4250 suas
772 4214 828 4251 non
860 4194 1181 4268 abnuuntn(Nioolaus
1209 4197 1233 4248 I.
1259 4213 1303 4264 ep.
1325 4197 1420 4248 70..

206 4293 280 4360 apud
299 4292 392 4346 Manat
416 4293 479 4346 XV.
502 4309 530 4358 p.
556 4292 617 4344 555.
648 4288 713 4344 vide
743 4286 973 4355 Hergenrocther
1003 4287 1113 4340 Hister.
1134 4287 1233 4340 Photii
1263 4288 1294 4341 Τ.
1313 4287 1354 4340 Ill
1382 4314 1441 4333 ι

206 4399 234 4452 p.
249 4383 311 4436 820.
326 4378 413 4452 sqq.).
