3120 4988
684 262 865 330 -191-

189 371 422 441 intrusionem
445 371 678 441 confirmavit.
704 370 873 443 Nicolaus
897 395 979 444 vero
994 374 1180 463 compertis
1195 373 1298 444 hisce
1315 375 1377 444 fa-

190 479 379 562 cinoribus,
406 477 571 547 Photium
595 477 793 549 declaravit
811 508 827 544 a
843 482 936 549 omni
948 482 1158 551 sacerdotali
1183 482 1318 552 honore
1335 489 1374 552 et

190 588 326 657 nomine
349 587 502 657 alienum
525 593 562 657 et
577 588 670 658 omni
693 587 883 656 clericatus
899 588 1009 657 officio
1023 611 1168 678 prorsus
1183 594 1370 676 exutum,n

191 717 231 763 ac
255 717 359 784 porro
382 696 453 763 nisi
478 694 770 784 obtemperaverit
786 695 1222 783 Pontificiaasententiae,
1252 724 1271 761 a
1285 719 1373 766 0110-

189 805 356 874 thematis
380 807 539 874 vinculis
570 805 775 874 innodatum
808 825 879 872 una
902 826 979 873 cum
1012 806 1370 876 communicatoribus

191 917 308 1002 suis3o
335 914 482 984 rescidit
505 922 585 984 acta
609 916 725 983 omnia
751 914 1003 984 «latrocinalis
1028 915 1130 984 illius
1145 916 1310 1002 Concilii,
1330 916 1370 984 in

190 1047 257 1112 quo
280 1022 448 1112 Ignatius
472 1022 595 1111 deponi
621 1024 768 1112 putatus
792 1017 899 1110 est'3n
925 1024 1062 1112 legatos
1085 1044 1166 1091 suos
1182 1022 1384 1115 praevari-

190 1138 323 1198 catores
350 1129 610 1219 «depositionis
635 1137 669 1197 et
692 1124 1057 1198 excommunicationis
1082 1130 1258 1198 sententia
1273 1157 1290 1193 n
1308 1131 1368 1200 da·

191 1236 336 1303 mnavit.
363 1235 545 1303 Distincte
568 1236 761 1324 expositam
796 1236 963 1304 habemus
986 1243 1095 1304 totam
1119 1235 1307 1304 historiam
1331 1238 1369 1305 iu

189 1341 352 1432 epistolis
376 1365 406 1410 e.
424 1340 595 1412 NicolaiI
610 1342 647 1409 in
665 1362 771 1410 causa
783 1342 902 1412 Photii
919 1343 1076 1431 scriptis,
1094 1365 1182 1434 quas
1198 1343 1367 1413 Pontifex

190 1447 336 1537 ipsemet
360 1447 465 1517 simul
502 1446 667 1517 collectas
693 1449 771 1517 aad
795 1449 979 1517 universos
1014 1448 1242 1518 catholioosn
1270 1451 1369 1520 misit

192 1558 321 1645 (Mansi
345 1557 386 1624 Τ.
405 1556 484 1625 XV.
503 1581 537 1646 p.
557 1556 635 1625 169.
655 1580 730 1648 sqq.
750 1578 827 1646 epp.
847 1557 977 1643 1-16.).

256 1665 441 1754 Postquam
475 1663 625 1731 Photius
655 1663 814 1731 omnibus
845 1664 1032 1732 fraudibus
1063 1664 1364 1735 confirmationem

191 1772 248 1839 sui
270 1772 491 1862 episcopatus
514 1791 536 1837 a
558 1771 729 1840 Pontifice
747 1771 892 1841 Nicolao
916 1771 1072 1841 obtinere
1095 1795 1164 1840 non
1188 1776 1311 1864 potuit
1331 1785 1366 1844 et

192 1901 228 1946 se
245 1900 394 1971 suosque
412 1877 598 1970 complices
616 1879 860 1948 condemnatos
874 1879 980 1964 vidit,
1000 1881 1114 1969 coegit
1129 1883 1188 1950 vel
1205 1904 1366 1972 magnam

190 1988 315 2056 saltem
340 1994 475 2078 partem
500 1988 606 2055 finxit
630 2009 721 2056 anno
744 1986 810 2054 867
833 1988 1113 2057 conciliabulum
1139 1990 1304 2074 alterum,
1330 1990 1366 2057 in

191 2119 258 2187 quc
280 2096 447 2185 egregius
470 2095 661 2164 historicus
678 2101 798 2163 noster
809 2095 989 2164 Macarius
1001 2096 1152 2166 affirmat
1166 2097 1366 2166 damnatam

190 2226 265 2274 esse
282 2204 497 2272 additionem
513 2204 710 2293 particulae
727 2205 892 2295 Filioque
907 2205 944 2272 in
960 2205 1130 2293 symbolo.
1151 2205 1251 2287 Quae
1266 2211 1367 2294 gesta

191 2317 228 2380 et
251 2311 398 2380 conficta
422 2310 558 2380 fuerint
580 2311 618 2378 in
642 2309 708 2379 hac
728 2311 992 2400 pseudosynodo
1009 2311 1093 2378 anni
1109 2313 1187 2396 867,
1206 2306 1366 2390 novimus

192 2439 234 2486 ex
251 2418 309 2503 iis,
320 2439 409 2510 quae
421 2419 625 2487 referuntur
640 2418 678 2486 in
687 2418 775 2489 Vita
791 2443 820 2486 s.
831 2418 864 2489 N
866 2419 970 2488 icolai
986 2420 1017 2503 Ι,
1028 2419 1066 2486 in
1083 2420 1170 2489 Vita
1185 2443 1216 2488 s.
1231 2420 1366 2510 Ignatii

192 2531 335 2595 auctore
358 2525 483 2596 Niceta
505 2526 743 2615 Paphlagone,
762 2527 798 2594 in
821 2525 976 2597 Concilio
1000 2528 1153 2594 Romano
1176 2529 1260 2595 anni
1287 2528 1365 2595 869.

193 2636 258 2705 sub
280 2635 460 2704 Hadriano
482 2634 521 2702 H
543 2633 680 2705 Nicolai
705 2634 880 2721 (defuncti
905 2633 948 2701 16
968 2632 1178 2704 Novembris
1194 2635 1277 2722 867)
1292 2658 1368 2706 suc*

191 2763 336 2830 caesore,
355 2750 391 2812 et
406 2742 555 2811 maxime
579 2742 616 2808 in
633 2741 791 2811 Concilio
806 2740 910 2811 VIII.
930 2764 1012 2811 vere
1028 2742 1259 2830 oecumenico,
1278 2744 1368 2835 qnod

191 2845 256 2923 hoc
278 2853 355 2943 ipso
379 2871 470 2919 anno
492 2850 571 2918 869.
602 2849 816 2920 celebratum
839 2856 894 2919 est
917 2849 1046 2939 (Menai
1068 2849 1148 2919 XV.
1168 2850 1247 2939 1573
1265 2851 1364 2920 XVI.

193 2960 352 3030 lae-129.
369 2956 800 3027 camedracontes.
819 2957 897 3025 174.
916 2957 1365 3051 184.198.255.sqq.418.).

192 3073 235 3139 In
257 3067 444 3136 latrocinio
468 3060 537 3134 isto
561 3067 645 3133 anni
669 3065 735 3133 867
756 3065 906 3134 Photius
922 3065 1085 3155 fingendo
1100 3066 1274 3156 plurimas
1291 3069 1368 3137 sub·

194 3176 414 3268 scriptiones,
440 3180 476 3242 et
499 3173 655 3242 homin'es
678 3172 843 3265 quosdam
867 3168 1041 3255 de'trivic
1065 3195 1246 3244 assumens
1269 3177 1369 3247 velut

193 3286 346 3357 vicarios
370 3280 673 3374 patriarchatuum
698 3281 935 3368 orientalium,
951 3304 1058 3351 ausus
1079 3288 1134 3352 est
1157 3283 1368 3352 sententiam

192 3391 561 3464 excommunicationis
583 3395 621 3458 et
644 3389 875 3480 depositionis
898 3391 1013 3460 dicere
1037 3395 1160 3459 contra
1175 3391 1368 3460 Romanum

195 3501 396 3570 Pontificem
420 3500 483 3585 (1).
510 3498 603 3567 Acta
626 3519 647 3565 a
669 3498 796 3567 Photio
826 3520 899 3587 pro>
921 3498 1038 3567 lubitu
1070 3499 1271 3589 conscripta
1294 3505 1368 3568 tum

193 3609 322 3678 Romae
345 3607 382 3675 in
406 3606 539 3698 synodo
562 3605 737 3674 Hadriani
760 3603 809 3691 II,
836 3610 912 3674 tum
936 3605 973 3674 in
997 3604 1154 3676 Concilio
1178 3605 1368 3676 oecumeni-

265 3825 307 3900 (1)
325 3829 429 3894 Legati
452 3825 602 3881 Pontificis
630 3823 752 3879 Romani
780 3825 845 3879 huic
873 3823 1027 3879 latrocinio
1056 3824 1132 3877 nulli
1159 3825 1367 3880 interfuerant.

195 3920 322 3972 Donatus
342 3918 498 3984 Episcopus
516 3917 670 3983 Ostiensis,
686 3917 743 3969 Leo
762 3917 915 3983 presbyter
942 3918 973 3968 et
998 3916 1126 3969 Marinus
1155 3914 1292 3969 diaconus
1318 3917 1367 3970 lic·

194 4005 299 4061 clasiae
317 4008 461 4061 Romanae
481 4005 562 4059 missi
583 4005 696 4073 qnidam
715 4009 799 4060 erant
815 4020 833 4058 a
852 4021 876 4058 s.
893 4004 1012 4058 Nicolac
1031 4005 1068 4058 ad
1088 4005 1286 4072 exsequendas
1305 4021 1365 4059 sen·

194 4099 303 4153 tentiae
323 4102 424 4152 contra
442 4098 576 4152 Photinus
593 4097 767 4163 invasorem,
788 4095 838 4148 sed
867 4110 928 4148 cum
958 4111 1009 4162 per
1035 4095 1202 4160 Bulgariam
1234 4097 1270 4150 ad
1296 4097 1365 4149 fines
1406 4123 1411 4135 ·

195 4188 312 4255 imperii
329 4187 486 4253 Byzantini
505 4186 717 4254 pervenissent,
741 4183 888 4252 proposita
907 4183 950 4236 eis
969 4188 1015 4238 est
1044 4185 1186 4252 professio
1213 4183 1281 4238 fidei
1308 4195 1411 4238 oum)

195 4281 327 4334 omnibus
345 4280 498 4333 calumniis
517 4282 615 4332 contra
643 4277 798 4332 Ecclesiam
828 4275 1008 4344 catholicam,
1029 4279 1063 4330 nt
1091 4277 1312 4330 continebantur
1337 4275 1411 4328 int

195 4369 293 4425 Photii
312 4369 456 4436 encyclica
474 4371 560 4437 paulo
578 4371 645 4422 ante
665 4368 752 4422 missa
771 4367 807 4420 ad
833 4366 1000 4435 orientales,
1016 4368 1047 4418 et
1072 4365 1188 4435 sponsio
1216 4364 1411 4421 communi-
