3120 4988
690 288 728 302 -
749 253 805 319 acl
829 287 867 301 -

192 363 301 435 Patre
324 379 356 432 et
380 366 473 433 Filio
498 388 565 433 non
589 362 814 453 intelligebat
838 385 876 429 eo
901 385 1016 446 sensu,
1044 385 1110 453 quo
1133 385 1226 432 nunc
1249 361 1371 431 ,uncle

189 471 245 537 sia
270 457 448 542 'catholica
479 496 554 541 eam
585 471 790 561 profitetur3
825 493 946 539 verum
978 470 1014 537 in
1043 493 1147 538 sensu
1178 470 1269 557 alio,
1303 492 1369 561 quo

191 581 316 648 Patres
340 582 460 668 graeci
488 562 657 649 docebant
681 580 933 669 processionem
958 603 980 644 a
1004 579 1111 645 Patre
1133 603 1198 667 per
1221 579 1368 661 Filium,

191 712 282 780 quae
305 689 459 757 formula
486 713 554 756 non
585 689 678 756 sicut
705 687 801 777 prior
832 687 897 753 illa
929 708 1034 753 unam
1068 691 1277 775 eandemque
1301 688 1370 754 Pa·

190 796 261 865 tris
295 807 331 865 ct
349 797 438 864 Filii
462 797 668 865 relationem
693 794 935 884 adSpiritum
964 795 1144 878 Sanctum,
1172 794 1231 861 sed
1259 795 1367 861 aliam

190 903 327 987 Patris,
347 904 452 970 aliam
469 903 559 970 Filii
577 902 765 991 significet.
787 902 883 969 Audi
908 901 1145 991 probationem
1170 902 1277 969 huius
1295 924 1374 968 sen-

193 1033 255 1079 sus
281 1010 516 1099 discrepantis
540 1013 632 1100 apud
649 1010 885 1078 Ambrosium.
915 1009 1041 1077 ulllud
1066 1013 1219 1098 occipere
1239 1035 1260 1074 a
1276 1011 1373 1077 Filio

193 1127 252 1208 (ex
271 1122 323 1187 Io.
342 1120 440 1190 XVI.
459 1121 531 1207 14.)
564 1121 750 1187 Ambrosio
783 1120 834 1206 (in
850 1120 937 1187 Luc.
960 1119 984 1185 l.
1004 1117 1106 1187 VIII.
1130 1141 1165 1186 n.
1186 1119 1260 1205 66.)
1284 1118 1375 1185 idem

193 1229 436 1317 significatae
454 1233 633 1294 essentiam
651 1228 772 1293 babere
788 1227 830 1292 ab
847 1227 919 1292 olio
936 1230 970 1313 (a
982 1225 1110 1312 Filio),
1132 1227 1231 1294 docet
1247 1227 1376 1318 quippe

195 1337 317 1406 verbis
339 1337 493 1420 disertio,
520 1338 692 1424 Spiritum
709 1338 871 1404 Socerum
887 1334 1008 1400 babere
1027 1336 1207 1400 essentiam
1227 1359 1248 1400 a
1264 1336 1375 1416 Filio,

196 1446 294 1513 sicut
319 1444 437 1512 Filius
468 1444 573 1513 habet
597 1467 617 1511 a
642 1446 760 1513 Patre.
794 1445 894 1532 Erpo
920 1445 1073 1511 formula
1095 1444 1327 1532 processionis
1356 1468 1378 1510 a

200 1555 310 1620 Patre
333 1569 365 1620 ct
388 1555 484 1622 Filio
510 1554 601 1643 apud
626 1553 850 1620 Ambrosium
875 1553 1055 1641 significat
1078 1554 1330 1643 processionem
1356 1579 1378 1618 a

198 1663 309 1729 Patre
332 1685 396 1750 per
418 1662 564 1728 Filium.
603 1662 723 1751 Ipsum
751 1685 819 1726 coc
844 1665 978 1726 omniuo
1008 1661 1145 1727 eandem
1174 1662 1378 1726 relationem

200 1771 292 1834 inter
308 1771 480 1857 Spiritum
497 1771 659 1837 Sanctum
677 1785 708 1835 et
726 1769 872 1850 Filium,
894 1770 982 1834 sicut
999 1772 1091 1833 inter
1106 1770 1277 1857 Spiritum
1293 1770 1380 1837 Soa-

201 1891 289 1944 ctum
313 1892 346 1943 et
372 1879 511 1943 Patrem
536 1875 728 1957 admisisse,
754 1876 859 1944 etiam
884 1899 925 1942 ex
951 1875 1020 1941 alio
1043 1875 1118 1943 loco
1144 1875 1199 1963 (de
1225 1876 1318 1963 Spir.
1339 1874 1375 1943 S.

201 1986 228 2053 l.
247 1986 276 2053 I.
297 2010 330 2053 n.
349 1985 424 2067 44.)
445 1989 603 2073 apparet,
623 1984 683 2051 ubi
700 1984 902 2072 generalius
920 1983 991 2050 ait:
1020 1982 1058 2050 Si
1076 1982 1247 2070 Spiritum
1267 1982 1375 2067 dicas,

201 2101 238 2163 et
260 2095 372 2162 Deum
388 2093 530 2160 Patrem
555 2114 575 2157 a
597 2077 664 2181 quo
688 2092 846 2181 procedit
869 2090 1038 2177 Spiritus,
1066 2093 1103 2158 et
1125 2089 1270 2172 Filium,
1298 2091 1381 2181 quia

202 2200 292 2268 Filii
309 2221 443 2291 quoque
465 2211 519 2266 est
536 2199 703 2286 Spiritus,
722 2199 966 2287 nuncupastis
984 2199 1195 2294 (Langenp.
1214 2201 1270 2267 47.
1289 2200 1377 2286 48.).

269 2308 324 2375 Ex
349 2312 556 2396 argumento
580 2307 756 2395 Langenii
781 2307 963 2374 evidenter
992 2307 1219 2375 concluditur
1243 2317 1383 2376 contra-

204 2418 321 2500 rium,
349 2414 518 2484 videlicet
541 2416 584 2482 ab
608 2414 793 2482 Ambrosio
818 2415 957 2482 omnino
980 2415 1098 2482 doceri
1128 2417 1381 2505 processionem

205 2524 365 2613 Spiritus
391 2523 513 2592 Sancti
537 2548 560 2589 o
575 2523 669 2589 Filio
695 2523 790 2591 sicut
805 2548 826 2588 o
842 2525 964 2593 Putre.
984 2523 1142 2613 Spiritus
1159 2524 1263 2608 enim,
1290 2532 1382 2593 teste

205 2632 404 2718 Ambrosio,
427 2631 559 2720 accipit
575 2632 764 2700 essentiam
782 2658 803 2699 a
820 2635 931 2716 Filio,
951 2656 1040 2725 quae
1057 2639 1112 2701 est
1129 2633 1205 2724 ipsa
1222 2634 1382 2717 delinitio

205 2740 441 2831 processionis
466 2746 652 2828 aeternae,
687 2740 848 2831 quoniam
874 2764 958 2810 vero
984 2741 1102 2808 Filius
1126 2742 1315 2809 essentiam
1343 2764 1385 2808 ac

205 2850 353 2940 proinde
376 2850 483 2918 etiam
500 2849 572 2918 vim
590 2849 813 2938 epiratricem
839 2850 1031 2917 nonhabet
1054 2851 1384 2918 incommunicatam
1440 2846 1442 2852 ’

207 2961 267 3029 sed
293 2959 583 3027 communicatam
608 2981 628 3025 a
649 2959 770 3041 Patre,
798 2958 957 3047 Spiritus
981 2982 1051 3023 aaa
1068 2956 1254 3049 eademque.
1271 2961 1386 3046 spiro-

209 3070 303 3133 tione
325 3065 483 3154 procedit
507 3091 528 3132 o
546 3066 654 3132 Patre
670 3079 702 3130 et
717 3065 826 3131 Filia
852 3065 982 3132 Eadem
1006 3067 1153 3154 proinde
1171 3065 1403 3133 renunciatio

208 3174 368 3265 Spiritus
392 3174 515 3242 Sancti
539 3173 752 3263 exprimitur
776 3174 851 3240 sive
876 3174 1017 3243 dicatur
1040 3175 1216 3264 processio
1240 3199 1262 3241 a
1279 3177 1388 3242 Patro

210 3298 243 3350 et
259 3284 370 3365 Filio,
396 3284 471 3351 sive
496 3307 517 3347 o
533 3285 641 3350 Patre
658 3306 724 3372 per
740 3282 896 3364 Filium
921 3282 1015 3350 sicut
1031 3305 1103 3349 una
1120 3283 1250 3350 creatio
1276 3281 1386 3370 signi-

209 3393 351 3475 ficatur,
379 3390 454 3457 sive
479 3390 644 3458 dicantur
668 3390 784 3458 omnia
800 3413 874 3458 esse
891 3397 1011 3457 creata
1027 3415 1049 3456 o
1066 3393 1173 3457 Patre
1189 3405 1221 3455 et
1238 3391 1334 3457 Filio
1355 3405 1387 3456 et

210 3499 350 3588 Spiritu
373 3499 511 3580 Sancto,
537 3498 613 3566 slve
638 3522 660 3564 a
684 3498 792 3565 Petro
812 3522 876 3586 per
896 3499 1030 3566 Filiam
1055 3513 1086 3563 et
1109 3500 1281 3584 Spiritum
1300 3498 1389 3565 Soa-

211 3619 315 3675 ctum.
333 3605 441 3673 Ratio
458 3612 523 3689 est,
543 3605 626 3696 quia
643 3604 823 3694 particula
836 3629 899 3694 per
914 3605 1049 3671 Filiam
1066 3627 1133 3671 non
1150 3604 1268 3671 minus
1285 3626 1388 3694 quam

211 3715 327 3781 altera
351 3736 373 3778 a
388 3712 498 3794 Filio,
519 3713 658 3787 ἀιτιακη
675 3720 730 3781 cst
746 3713 944 3802 exprimens
964 3711 1193 3800 principium,
1220 3732 1258 3777 eo
1273 3695 1388 3777 ¹solum

211 3821 426 3905 discrimine,
452 3821 543 3911 quod
567 3821 605 3888 in
630 3820 747 3890 verbis
766 3821 982 3910 per-Filiam
998 3821 1075 3909 ipsa
1092 3817 1306 3908 praepositio
1329 3841 1391 3906 per

212 3930 378 4025 designat
401 3928 747 4000 communicationem
775 3928 869 3997 sicut
892 3917 1065 3998 essentiae
1099 3928 1151 3995 ita
1179 3934 1214 3995 et
1238 3925 1391 3994 virtutis

194 4170 197 4175 ,
213 4113 428 4181 attendendum,
449 4117 569 4180 apparet
588 4129 623 4166 ex
642 4115 694 4166 hoc
708 4115 771 4181 ipso
790 4115 850 4166 loco
861 4111 1015 4180 Ambrosii,
1031 4129 1113 4180 quem
1126 4114 1293 4179 Langenius
1309 4117 1392 4182 citat3

215 4222 249 4260 ex
264 4209 398 4259 contextu
413 4205 487 4257 enim
502 4202 544 4276 (n.
561 4205 622 4256 119.
640 4201 704 4274 120)
718 4204 858 4270 processio
878 4205 922 4257 ibi
941 4204 1104 4258 immediate
1125 4205 1271 4270 significat
1289 4205 1393 4257 miscio·

215 4312 277 4347 aaa
295 4295 470 4359 intempore,
486 4308 557 4360 quae
571 4293 670 4359 utique
690 4290 733 4364 (ut
751 4293 824 4346 alibi
843 4291 1116 4364 demonstravimus)
1129 4295 1337 4364 processionem
1350 4293 1394 4345 in-

216 4390 327 4441 ternam
347 4386 376 4440 ct
395 4386 540 4439 aeternam
560 4386 593 4437 ut
612 4398 691 4439 cuum
711 4375 934 4439 tundamentum
946 4383 1081 4440 includit.
