3120 4988
699 334 882 400 -aat—

192 450 336 519 {sionem
358 449 536 519 Ecclesiae
560 457 742 518 assumunt
766 449 809 518 ad
827 449 1077 518 confirmandos
1094 450 1183 518 alios
1203 451 1373 521 articulos
1485 513 1489 522 .

192 559 287 627 nidei
311 561 353 627 ab
377 559 563 628 haereticis
582 559 816 648 impugnatos,
846 567 967 627 auctor
991 567 1109 628 noster
1140 583 1208 626 non
1238 561 1371 651 reperit

200 666 313 735 ullam
337 669 460 736 saltem
484 674 706 757 apparentem
731 666 877 756 speciem
901 666 1061 752 rationis,
1078 654 1147 758 qua
1162 690 1267 758 penes
1284 669 1372 737 istos

203 775 361 843 doctores
385 774 473 843 hanc
508 774 694 842 veritatem
725 772 824 841 velut
850 800 866 833 a
885 773 1155 863 speculationem
1180 781 1216 843 et
1239 774 1373 865 opinio-

202 881 563 973 nem‘tbeologicamn
589 883 824 970 distingueret
857 884 901 948 ab
925 881 1007 948 aliis
1030 881 1243 951 veri-tatibus
1273 883 1368 952 fidei.

203 990 319 1073 Quare
342 990 447 1060 meris
463 988 672 1059 coniecturis
688 990 808 1056 fucum
824 989 1001 1079 quemdam
1026 989 1191 1058 inducere
1206 996 1366 1060 conatur.

265 1098 486 1190 Epiphanius
509 1097 577 1187 (ait
592 1096 653 1164 ille
670 1097 792 1186 p.4a.)
817 1104 913 1165 tenet
937 1096 1086 1189 quidem,
1114 1096 1288 1188 Spiritum
1312 1122 1367 1169 ac·

200 1208 314 1298 cipere
337 1206 521 1275 essentiam
546 1206 693 1290 ad'ilio,
710 1212 885 1296 tamquam
910 1204 1137 1299 apostolicam
1159 1214 1195 1274 et
1218 1207 1367 1276 catholi-

200 1337 273 1384 cam
298 1314 491 1384 doctrinam
518 1314 715 1401 Ecclasiae;
741 1315 799 1381 sed
831 1313 922 1381 illud
954 1316 1106 1401 occipere
1128 1315 1367 1405 distinguite
1483 1323 1486 1329 ’

200 1423 428 1514 processione,
455 1423 615 1513 quamvis
641 1444 712 1489 aex
736 1421 848 1490 altera
873 1428 972 1510 parte
990 1424 1141 1512 accipere
1164 1447 1185 1489 a
1210 1424 1307 1490 Filio
1331 1429 1367 1492 et

195 1531 375 1621 procedere
398 1556 419 1597 a
444 1531 538 1599 Filio
563 1531 691 1598 habeat
714 1537 785 1598 tam
810 1530 1042 1620 propinquum
1060 1554 1167 1599 unum
1190 1531 1307 1619 alteri,
1327 1541 1368 1601 ut

198 1640 337 1728 saepius
361 1637 525 1722 declaret,
552 1640 723 1726 Spiritum
748 1660 815 1703 case
837 1637 880 1703 ab
904 1651 1060 1728 utroque,
1086 1662 1108 1704 a
1132 1639 1240 1705 Patre
1256 1654 1288 1705 et
1305 1643 1366 1708 Fi-

200 1744 282 1816 lio.n
312 1749 362 1816 De
387 1745 614 1814 fraudulenta
638 1743 703 1813 hac
735 1745 1028 1834 tergiversatione
1050 1746 1228 1835 Langenii,
1258 1746 1366 1842 paulo

197 1861 278 1923 ante
301 1854 562 1943 (peremta)
587 1853 676 1921 satis
699 1854 864 1923 diximus.

262 1961 433 2051 Cyrillus,
460 1961 490 2028 si
514 1961 767 2050 Neophotianis
783 1962 968 2046 credimus,
983 1962 1112 2054 pullibi
1137 1962 1225 2031 satis
1250 1961 1367 2030 decla-

198 2070 306 2155 ravit,
333 2069 417 2160 quid
441 2069 477 2137 in
501 2069 700 2159 theologica
722 2071 953 2158 explicatione
977 2069 1155 2138 doctrinae
1174 2071 1215 2141 de
1231 2092 1366 2160 procas·

201 2176 297 2246 sione
320 2176 477 2266 Spiritus
500 2176 620 2245 Sancti
644 2177 808 2245 habuerit
830 2183 894 2244 aut
916 2199 984 2244 non
1001 2176 1166 2247 habuerit
1182 2184 1224 2246 nt
1240 2179 1365 2267 dogma

196 2284 291 2353 fidei.
319 2313 335 2348 u
352 2283 470 2351 Etiam
487 2285 673 2373 pugnando
690 2289 811 2353 oontm
828 2284 1082 2353 Theodoretum
1098 2307 1231 2375 semper
1248 2287 1368 2359 tenuit,

197 2391 446 2475 indubitatum,
473 2391 645 2481 Spiritum
671 2391 836 2460 Sanctum
860 2415 934 2460 esse
952 2395 1136 2484 propriam
1159 2395 1264 2477 Filii,
1289 2417 1364 2464 esse

195 2499 285 2563 sicat
307 2499 429 2564 Patris
453 2500 506 2561 itu
533 2496 625 2563 Filii
640 2497 832 2584 Spiritum
856 2497 992 2588 reliqua
1015 2498 1130 2565 omnia
1155 2521 1242 2589 quae
1266 2500 1365 2570 docet

195 2603 236 2671 de
253 2603 520 2670 immerentibus
537 2602 779 2687 relationibus,
799 2604 957 2690 fortasse
972 2604 1097 2673 habuit
1113 2606 1213 2674 velut
1232 2606 1364 2676 theolo-

195 2708 292 2798 gicas
316 2709 500 2776 dumtaxat
522 2710 747 2778 deductiones
772 2710 834 2796 (1),
855 2712 1082 2801 quantumvis
1098 2712 1162 2781 hac
1179 2714 1248 2803 ipsi
1264 2714 1361 2785 vide-

193 2823 315 2884 rentur
339 2817 582 2884 necessariaen
601 2821 648 2904 (p.
665 2816 748 2904 91.).
767 2817 907 2902 Fateor,
927 2822 1261 2908 argumentationem
1278 2821 1361 2891 huic

195 2920 342 2990 similem
355 2942 409 3014 vnc
433 2923 669 2991 a-Professore
686 2924 824 3013 quidem
840 2926 1096 2995 Reinkensiano
1112 2935 1360 3018 expectassem.

194 3029 353 3119 Cyrillus
377 3030 414 3095 in
436 3028 524 3098 locis
547 3030 862 3102 innumerabilibus
885 3036 978 3104 dixit
992 3023 1166 3124 Spiritum
1187 3039 1276 3103 sicat
1292 3039 1361 3105 Pu-

196 3141 260 3203 tris
285 3141 337 3203 ito
363 3138 455 3206 Filii
473 3142 656 3227 proprium
685 3131 818 3229 (iduor),
845 3167 1032 3234 numquam
1056 3167 1139 3213 vero
1161 3146 1232 3214 alio
1256 3171 1359 3217 sensu

193 3266 293 3336 quam
318 3244 365 3313 ad
385 3247 641 3335 exprimendam
665 3248 867 3318 relationem
885 3250 1034 3339 originis
1058 3253 1101 3320 ad
1118 3253 1262 3340 Filium,
1281 3280 1357 3345 pro·

193 3353 358 3422 cessionis
389 3378 508 3443 nempe
537 3379 600 3443 per
634 3358 767 3425 Filium
790 3357 847 3427 vel
872 3384 893 3425 a
918 3361 1025 3430 Filio.
1053 3360 1091 3429 Si
1114 3385 1197 3451 ergo
1227 3364 1262 3453 in
1294 3364 1358 3432 illo

192 3459 301 3549 priori
326 3462 473 3549 agnovit
497 3463 733 3533 indubitatum
750 3467 874 3556 dogma
897 3467 990 3552 fidei,
1017 3469 1209 3538 certissime
1234 3471 1358 3540 habuit

192 3572 234 3634 ut
256 3567 380 3654 dogma
409 3567 490 3636 fidei
521 3573 772 3659 processionem
796 3575 952 3664 Spiritus
976 3576 1097 3645 Sancti
1121 3599 1142 3644 a
1163 3579 1259 3647 Filio
1289 3605 1356 3650 non

192 3674 307 3742 minus
331 3697 433 3767 quam
458 3701 479 3745 a
501 3678 618 3747 Patre.
647 3682 685 3749 Si
710 3706 811 3772 porro
839 3685 1041 3774 Langenius
1064 3710 1179 3756 omnes
1203 3689 1357 3758 declara·

191 3782 303 3850 tiones
328 3785 433 3851 unius
456 3785 631 3875 dogmatis
655 3813 696 3858 ex
720 3792 843 3876 altero,
863 3794 969 3860 unius
993 3780 1162 3864 formulae
1186 3797 1357 3886 dogmati-

191 3912 249 3958 cae
273 3912 315 3957 ex
338 3891 451 3959 altera
467 3895 624 3982 appellat
638 3896 873 3983 deductiones,
893 3900 1020 3990 quibus
1037 3901 1136 3970 valor
1157 3905 1356 3994 dogmatum

189 3997 411 4082 excludatur,
430 3999 576 4072 innova
600 4005 664 4074 hac
689 4005 824 4076 haeresi
849 4017 1038 4078 sectatores
1055 4033 1124 4078 una
1141 4035 1217 4080 cum
1235 4015 1357 4086 divina

190 4105 258 4173 fide
282 4108 387 4174 etiam
419 4106 606 4178 humanam
635 4114 803 4182 rationem
839 4124 969 4185 exuant
996 4141 1133 4187 necesse
1164 4129 1230 4189 est.

257 4213 405 4283 Ioannes
421 4217 668 4305 Damascenus,
688 4222 1025 4313 fatenteLangenio,
1040 4227 1140 4295 docet
1154 4228 1352 4319 «Spiritum

260 4358 301 4432 (1)
319 4360 399 4419 Allcs
418 4362 522 4416 andere
541 4382 604 4432 mog
623 4384 652 4419 er
668 4369 742 4420 wohl
755 4382 811 4422 nur
823 4371 866 4424 als
879 4370 1072 4436 theologische
1089 4374 1365 4449 Sohlueelolgarum

190 4451 425 4518 gen=liatrachtet
444 4454 546 4509 beben.
