3120 4988
695 280 733 300 -·
754 247 793 314 ta
813 281 851 298 -
960 307 968 315 ,
1078 283 1081 290 ν

193 352 240 422 iis
263 375 328 422 sua
361 355 498 424 omnino
524 355 666 450 diversa
697 355 895 425 substituit.
923 355 1023 439 Quod
1052 355 1221 426 Dominus
1245 356 1359 426 diuite

195 492 211 525 a
228 461 385 550 Spiritus
403 462 568 531 veritatis
584 464 719 532 docebit
735 487 798 534 vos
821 486 952 534 omnem
969 463 1167 552 veritatem3
1185 489 1254 532 aaa
1269 467 1362 532 euim

193 569 352 660 loquetur
375 594 400 667 a·
419 572 608 657 semetipso,
633 569 690 637 sed
724 595 952 662 quaecamque
968 635 970 639 ,
986 571 1123 656 audiet,
1149 575 1321 666 loquetur,
1341 601 1359 638 n

191 677 369 746 Macarius
396 678 654 746 circumscribit
685 679 758 749 suis
794 679 935 766 vcrbis;
961 702 1022 748 seu
1045 681 1165 771 potius
1188 688 1245 769 (ut
1268 682 1360 770 dixi)

192 786 309 856 verbis
333 785 469 854 Christi
482 807 546 853 sua
562 808 704 875 prorsus
727 786 868 856 diversa
884 787 1084 859 substituit.
1105 817 1122 853 a
1138 790 1283 858 Docebit
1299 782 1364 859 vos

193 918 324 963 omnem
348 896 535 964 veritatem
559 917 633 962 mea
649 897 746 982 vice;
772 895 934 965 doctrina
959 897 1048 965 enim
1066 920 1171 990 quam
1187 922 1252 968 vos
1266 901 1363 970 doce·

83 1004 85 1012 ⁴
194 1005 259 1092 bit,
277 1027 345 1071 non
369 1003 438 1071 erit
461 1004 494 1071 ei
517 1003 720 1092 peculiaris,
738 1003 896 1072 doctrina
911 1027 1015 1089 nova,
1032 1006 1198 1075 differens
1214 1029 1237 1074 a
1252 1031 1362 1077 mean

258 1114 309 1180 At
334 1113 488 1201 prolecto
519 1133 721 1201 personam,
748 1135 836 1202 quae
871 1135 938 1180 non
963 1112 1035 1180 nisi
1070 1135 1174 1181 unam
1206 1115 1364 1183 divinam

196 1221 301 1288 habet
334 1226 516 1302 naturam,
542 1241 610 1285 non
634 1240 655 1284 a
683 1219 868 1308 semetipsa
897 1220 1016 1311 loqui,
1044 1222 1103 1289 sed
1127 1222 1249 1290 audire
1274 1246 1365 1313 quac
1408 1240 1413 1248 ·

193 1328 371 1420 loquatur,
390 1328 432 1395 ab
448 1311 521 1394 alia
537 1349 693 1416 persona,
713 1350 780 1394 non
797 1335 911 1417 potest
928 1329 1129 1417 significare
1142 1330 1241 1399 aliud
1259 1353 1364 1421 quam

194 1434 536 1510 communicationem
559 1433 751 1522 sapientiae
768 1439 805 1500 st
819 1433 987 1503 scientiae
1008 1437 1052 1503 ab
1069 1458 1139 1504 una
1162 1459 1312 1527 persona
1326 1440 1364 1507 in

193 1528 311 1627 aliam,
337 1551 441 1634 atquc
465 1542 550 1610 adeo
574 1541 826 1631 processionem
848 1565 1013 1633 personae
1035 1545 1140 1612 unius
1164 1546 1207 1612 ab
1231 1546 1359 1615 altera.

194 1653 248 1723 Ex
272 1674 340 1744 qua
364 1651 673 1726 communicatione
704 1650 826 1743 utique
850 1653 1076 1744 consequitur
1100 1652 1195 1722 sicut
1218 1657 1365 1724 consub-

195 1764 425 1859 stantialitas,
451 1763 503 1830 ita
526 1762 693 1831 identitas
715 1761 882 1830 scientiae
904 1767 940 1830 et
957 1762 1134 1831 doctrinae
1150 1761 1359 1855 inutraque

195 1893 353 1966 persona.
380 1871 480 1938 Hanc
503 1892 575 1937 rem
599 1891 660 1959 per
683 1854 719 1936 se
743 1869 831 1936 satis
864 1869 994 1938 claram
1022 1891 1090 1935 nou
1115 1870 1212 1938 modo
1235 1869 1362 1959 Augu·

196 1983 312 2051 atinus
336 1978 418 2067 (Tb.
435 1976 591 2063 XXXII)
607 1976 665 2044 sed
689 1976 754 2043 alii
776 1976 881 2044 etiam
904 1977 1028 2045 Patres
1044 1999 1144 2066 saepe
1166 1979 1361 2067 explicant.

198 2121 215 2156 a
228 2077 330 2162 Nihil
346 2110 368 2155 a
392 2086 577 2175 semetipso
605 2086 810 2177 loquetur...
828 2084 929 2153 Nihil
945 2084 1098 2154 alienum
1115 2087 1214 2154 vobis
1229 2088 1361 2175 tradet;

195 2221 257 2267 nec
280 2197 371 2265 enim
395 2195 463 2264 sibi
486 2195 646 2285 proprias
667 2193 764 2282 leges
788 2194 888 2261 vobis
916 2193 1072 2280 ‘inferet3
1098 2192 1156 2260 sed
1178 2219 1252 2261 cam
1283 2199 1364 2282 Spi-

195 2307 285 2371 ritus
309 2319 341 2371 et
365 2307 468 2395 pauci
490 2325 580 2368 meas
602 2326 676 2367 mea
698 2303 758 2384 cit,
784 2300 922 2368 omnino
947 2300 1093 2391 quaein
1116 2324 1168 2370 mc
1193 2311 1289 2388 sunt,
1312 2304 1369 2371 lo·-

196 2419 363 2506 quetur...
391 2411 538 2501 Signum
562 2410 626 2479 hoc
649 2409 719 2478 erit
742 2409 853 2493 vobis,
872 2409 1007 2476 omnino
1025 2434 1065 2476 ea
1079 2433 1151 2475 mea
1164 2411 1369 2479 substantia

195 2524 246 2612 (ἐκ
270 2547 331 2598 της
350 2521 429 2610 ipae
454 2521 583 2607 οὐσιας)
605 2520 778 2607 Spiritum
801 2541 880 2600 ecce,
898 2524 933 2585 e't
956 2539 1066 2583 meam·
1084 2518 1193 2585 veluti
1221 2536 1369 2588 meatem-

196 2633 269 2716 (και
289 2631 354 2693 iuer
375 2628 452 2717 ἐμος
471 2628 543 2693 tea
559 2631 660 2713 νους),
681 2626 770 2718 quod
787 2628 909 2696 futura
925 2627 1171 2717 praedicturus
1195 2634 1249 2695 est
1272 2629 1370 2698 sicut

195 2759 301 2825 ego...
327 2735 398 2804 Nec
421 2735 528 2818 enim,
555 2741 595 2802 ut
617 2756 693 2822 ego,
712 2735 835 2802 futura
857 2734 1085 2823 praedixerit,
1104 2734 1173 2801 nisi
1197 2742 1233 2802 et
1258 2735 1294 2801 in
1310 2758 1367 2803 ‚mc

164 2852 167 2854 ’
195 2847 256 2928 sit,
275 2859 308 2910 et
327 2868 391 2933 per
414 2868 465 2910 me
485 2841 648 2931 procedat
671 2833 722 2930 (δι’
753 2843 833 2933 ipro
859 2846 999 2934 reputor),
1020 2858 1059 2908 et.
1074 2841 1220 2909 eiusdem
1235 2845 1283 2908 cit
1299 2868 1388 2910 me·-

198 2979 271 3022 cam
284 2949 528 3019 substanciae»
544 2951 595 3036 (l)
613 2951 741 3040 Cyrill.
761 2952 798 3018 in
814 2938 867 3020 Ῑο.
880 2950 979 3018 XVI.
999 2950 1054 3020 12.
1070 2949 1123 3018 13.
1144 2975 1176 3038 p.
1192 2950 1271 3018 925.
1283 2951 1364 3019 926.

195 3061 341 3151 Didymi
353 3058 619 3150 explicationem
638 3081 725 3148 quae
741 3058 816 3126 siue
829 3058 935 3125 dubio
951 3067 1004 3126 est
1020 3057 1124 3126 etiam
1137 3058 1363 3149 Hieronymi,

167 3229 170 3236 .
197 3169 358 3260 superius
382 3166 548 3236 vidimus.
578 3166 688 3236 «Non
711 3166 914 3256 loquetura
939 3167 1123 3254 semetipso
1198 3170 1284 3258 qaia
1300 3193 1368 3235 aaa
1408 3216 1410 3220 »

197 3302 239 3345 ea
262 3301 296 3350 se
319 3288 379 3359 est,
404 3274 462 3342 ced
484 3299 527 3342 ea
550 3274 659 3341 Patre
680 3287 712 3340 ct
736 3297 786 3339 me
809 3287 878 3354 ειη
901 3272 965 3341 hoc
996 3273 1087 3340 enim
1123 3274 1237 3363 ipsum
1268 3276 1373 3366 quod

114 3442 122 3457 .
196 3383 359 3454 subsistit
375 3391 411 3451 et
425 3382 596 3473 loquitur,
615 3405 637 3446 a
654 3381 760 3448 Patre
774 3393 807 3446 et
822 3403 873 3444 me
888 3380 949 3446 illi
965 3393 1031 3446 cern
1048 3381 1089 3447 de
1106 3380 1202 3470 Spir.
1216 3382 1253 3451 S.
1264 3383 1362 3452 1134.

233 3563 234 3566 ,
264 3491 419 3559 Incisum
450 3511 619 3580 sequens:
648 3487 740 3555 cille
772 3509 823 3554 me
855 3486 1085 3571 clarificabit,
1111 3490 1197 3578 qaia
1231 3488 1273 3554 de
1296 3514 1373 3556 meo

197 3601 355 3688 accipiet,
369 3602 405 3666 et
428 3595 654 3664 annuntiabit
679 3595 790 3680 vobis,
807 3621 823 3656 u
843 3594 1033 3662 allecorio
1049 3601 1310 3664 transmutatur
1328 3597 1366 3664 in

185 3707 260 3776 boc
295 3707 414 3785 aliud:
443 3708 706 3794 «prosequetur
731 3725 793 3771 vos
824 3702 944 3770 docere
980 3701 1120 3770 eandem
1157 3702 1364 3792 doctrinam,

196 3838 297 3907 quam
321 3839 384 3904 ego
407 3813 556 3882 docui.»

265 4015 307 4093 (1)
325 4018 412 4072 Paulo
432 4016 560 4085 superius
580 4015 704 4069 dixerat:
727 4016 893 4083 sspiritum
913 4015 1060 4080 veritatis,
1081 4013 1112 4065 id
1123 4019 1126 4027 '
1138 4016 1183 4066 est
1199 4029 1279 4064 raum
1291 4011 1382 4086 (ipse

196 4111 272 4162 anim
285 4111 330 4161 est
342 4104 473 4178 verttas),
487 4107 664 4159 Paracletum
682 4107 818 4174 appellat.
828 4107 953 4174 Spiritus
971 4105 1045 4157 enim
1056 4106 1175 4159 Sanctus
1188 4106 1270 4155 aetio
1283 4106 1366 4156 mocio

198 4202 232 4253 ab
250 4197 396 4265 aaipcaiti
413 4197 573 4249 substantia
592 4197 702 4247 alienas
720 4196 908 4262 intelligitur,
929 4193 976 4245 scd
994 4195 1167 4245 naturaliter
1180 4194 1310 4259 procedit
1331 4211 1377 4246 ec,
1424 4248 1426 4252 ,

197 4291 262 4357 ipsa
273 4310 285 4337 n
296 4285 340 4362 (ου’
359 4308 411 4359 γαρ
424 4285 564 4357 ἁλλοτριον
581 4307 626 4346 της
641 4282 736 4348 odacar
750 4306 795 4339 rou
810 4303 969 4358 μονογενους
990 4304 1019 4336 cc
1034 4283 1113 4356 cipror
1135 4304 1239 4338 ποειται
1254 4300 1368 4356 aucupa,

198 4375 350 4455 aporiaris,
366 4389 479 4452 φυσικως
499 4376 528 4445 ἐξ
546 4372 654 4448 ducac).
