3120 4988
683 253 721 272 ·-
739 223 801 289 tlt
820 256 869 282 -.

184 364 309 431 zenas,
335 341 579 433 Augustinus,
605 351 640 414 et
662 346 733 415 PP.
752 346 940 432 universi).
968 351 995 437 c)
1021 346 1180 416 Ratione·
1201 347 1352 435 originis

185 458 240 522 est
263 456 417 522 internus
440 456 647 521 accessorius
673 453 752 521 ordo
768 454 969 523 divinarum
987 478 1211 545 personarum
1227 456 1291 540 ita,
1311 453 1352 524 ut

187 565 235 632 sit
260 566 380 652 prima
408 585 553 652 persona
576 586 597 629 a
619 584 655 630 se
678 570 714 630 et
737 562 865 654 absque
901 562 1073 653 principio
1105 564 1181 650 sui;
1207 563 1353 630 secunda

186 694 334 761 persona
357 671 581 760 generatione
608 670 793 759 procedens
817 693 859 737 ex
884 669 1057 759 principio
1082 693 1142 758 per
1167 671 1353 740 communi-

187 780 358 847 cationem
374 779 542 846 essentiae
566 784 601 846 et
625 778 770 866 proinde
795 778 945 845 omnium
963 779 1215 867 perfectionum
1232 787 1268 848 st
1285 780 1355 847 for-

187 885 332 953 malium
356 885 530 961 rationum
562 906 648 976 quae
673 895 755 951 sunt
779 885 815 951 in
840 885 975 973 prima,
1003 894 1145 975 excepta
1168 886 1242 953 sola
1265 887 1356 954 reta
1404 925 1407 932 ·

186 991 295 1076 tione,
321 992 507 1059 secundnm
531 1014 645 1082 quarn,
668 998 707 1057 ut
731 991 952 1080 principium
966 999 1001 1059 et
1018 992 1204 1080 procedens
1221 1015 1241 1058 a
1258 992 1354 1080 prin·

185 1099 292 1189 cipio,
318 1100 361 1166 ad
385 1121 421 1167 se
445 1098 594 1166 invicem
613 1099 816 1167 referuntur
840 1110 875 1168 et
898 1099 992 1167 inter
1008 1123 1043 1167 se
1061 1100 1206 1168 realiter
1229 1099 1355 1167 distin·

182 1214 369 1298 guuntur3
396 1228 542 1296 persona
565 1206 713 1297 denique
749 1209 854 1273 tertia
878 1230 918 1275 ex
944 1209 1139 1298 principio,
1165 1207 1256 1299 quod
1280 1207 1356 1276 sola

180 1314 375 1404 prioritate
400 1312 549 1402 originis
572 1314 778 1404 praevertit,
798 1316 962 1404 procedat
987 1317 1068 1384 item
1093 1339 1152 1407 per
1170 1316 1354 1384 communi·

183 1424 360 1500 cationem
384 1424 556 1491 essentiae
580 1431 616 1491 et
638 1423 790 1491 omnium
819 1423 1091 1513 perfectionum,
1117 1432 1263 1513 excepta
1285 1424 1371 1503 for-¹

182 1531 273 1599 mali
297 1531 432 1598 ratione
456 1530 633 1618 principii,
653 1553 713 1598 sen
737 1530 843 1620 (quod
865 1531 1008 1619 perinde
1032 1534 1100 1615 est)
1119 1538 1265 1619 excepta
1282 1529 1356 1598 vir·

181 1648 265 1709 tnte
290 1637 441 1706 relativa
463 1637 683 1725 productrice
706 1637 855 1705 alterius
879 1659 1044 1727 personae
1067 1637 1252 1725 (Basilius,
1271 1635 1355 1705 Gre-

186 1746 313 1838 gorius
335 1745 368 1813 N
368 1766 517 1834 ysseaus
541 1754 575 1812 et
598 1744 689 1832 alii).

257 1853 300 1920 ln
325 1854 379 1921 his
396 1853 510 1920 tribus
526 1854 739 1921 veritatibus
763 1854 931 1922 revelatis
948 1853 1148 1922 continetur
1172 1851 1355 1943 implicite,

189 1963 300 2046 solam
321 1961 501 2038 servandam
525 1984 704 2050 personam
735 1963 917 2051 procedere
941 1986 983 2030 ea
1006 1963 1080 2027 sola
1105 1964 1221 2051 primo
1245 1966 1358 2052 (μονος

191 2075 228 2140 ἐκ
253 2073 388 2161 μονου);
415 2072 552 2134 tertiam
576 2092 657 2136 vero
689 2071 871 2158 procedere
893 2090 936 2136 em
958 2071 1073 2157 prima
1096 2082 1129 2136 et
1151 2067 1298 2135 secando
1321 2077 1359 2129 at
1384 2127 1386 2130 ,

192 2179 236 2246 at
260 2201 326 2243 uno
352 2177 529 2264 principio
556 2178 606 2266 (ἐκ
631 2201 691 2245 του
717 2200 850 2269 πρωτου
874 2166 931 2242 δια
955 2201 1015 2245 του
1041 2199 1210 2271 προσεχως
1237 2175 1272 2242 ἐκ
1297 2197 1357 2242 του

195 2288 357 2380 spurco),
380 2297 550 2375 quatenus
575 2307 694 2373 nempe
712 2287 793 2353 illae
811 2285 885 2352 sola
900 2284 1123 2375 generatione
1146 2286 1239 2353 inter
1256 2305 1291 2350 se
1307 2280 1370 2350 di·r

194 2394 367 2474 stinctae,
394 2393 526 2459 virtute
558 2400 594 2460 et
617 2391 756 2459 formali
793 2389 927 2459 ratione
963 2391 1169 2480 spirationis
1204 2389 1298 2458 inter
1322 2411 1358 2457 se

194 2525 301 2570 unum
326 2510 421 2583 sunt,
448 2522 488 2567 ac
511 2523 571 2588 per
596 2522 698 2567 unam
722 2499 946 2589 spirationem
971 2500 1175 2567 referuntur
1200 2509 1241 2566 nt
1264 2497 1360 2587 prin-

194 2612 322 2700 cipium
347 2609 390 2675 ad
416 2630 594 2696 personam
618 2610 771 2688 tertiam,
791 2606 856 2677 hac
880 2630 962 2675 vero
986 2607 1153 2675 relatione
1171 2605 1358 2695 spiratoris

193 2727 227 2787 et
250 2717 378 2807 spirati
402 2738 546 2804 persona
568 2719 677 2784 tertia
710 2715 853 2785 realiter
885 2715 1122 2804 distinguitur
1146 2736 1168 2781 a
1191 2714 1302 2803 prima
1325 2719 1361 2780 et

193 2826 357 2897 secunda.
383 2823 491 2893 Porro
515 2825 604 2916 quod
629 2824 703 2891 sola
725 2825 838 2914 prima
862 2846 1007 2913 persona
1038 2831 1093 2892 est
1121 2823 1291 2911 ingenita,
1317 2823 1360 2890 ab

194 2957 230 3005 ea
253 2943 372 3004 autem
396 2944 584 3021 generatur
608 2933 758 3002 secunda
778 2956 923 3021 persona
940 2955 1000 3021 per
1016 2930 1360 3000 communicationem

193 3046 286 3114 siout
309 3043 460 3111 omnium
485 3043 734 3131 perfectionum
756 3041 808 3108 ita
835 3040 938 3108 etiam
965 3040 1113 3107 virtutis
1137 3039 1357 3127 spiratricis,

192 3154 306 3242 prima
329 3172 474 3240 persona
499 3157 614 3218 manet
638 3148 848 3238 principium
873 3148 1096 3238 primordiale
1121 3146 1184 3216 SS.
1205 3145 1360 3216 Trinita-

192 3262 237 3330 tis
256 3261 291 3346 (ἡ
320 3283 433 3348 πρωτη
455 3259 562 3341 erere,
589 3278 864 3347 προκκτκρκτικη
893 3255 1000 3335 dicta,
1027 3278 1067 3323 το
1087 3254 1222 3340 aterno),
1238 3254 1274 3319 in
1292 3275 1359 3345 quo

189 3366 394 3437 continetur
411 3385 462 3445 ea,
479 3385 564 3454 quae
581 3385 601 3428 a
618 3363 687 3432 PP.
706 3385 873 3456 μοναρχικ
891 3361 1105 3451 appellatur.

255 3472 594 3543 Demonstrationem
613 3472 718 3540 trium
738 3470 928 3538 veritatum
947 3468 1215 3558 praemissarum
1227 3489 1248 3534 a
1261 3465 1361 3536 nobis

178 3583 328 3673 pridem
351 3580 419 3646 iam
443 3579 635 3647 confectam
660 3577 717 3646 hic
740 3589 896 3667 repetere
921 3601 1007 3669 opus
1035 3601 1101 3644 non
1124 3592 1196 3663 est;
1224 3577 1260 3643 in
1285 3576 1361 3644 illis
1406 3657 1408 3663 s

176 3703 311 3762 autem
327 3686 569 3774 comprehendi
594 3687 776 3775 implicite,
792 3695 895 3777 atque
910 3690 994 3754 adeo
1010 3709 1052 3754 ex
1068 3687 1115 3754 iis
1130 3684 1360 3753 certissimam

172 3796 320 3876 deduci
344 3799 539 3882 veritatem,
566 3796 607 3864 de
631 3802 698 3886 qna
721 3798 870 3884 agimus,
893 3804 968 3865 tum
993 3819 1054 3885 per
1077 3796 1269 3864 scolarum
1292 3804 1357 3882 est,

172 3913 265 3979 tum
291 3930 314 3973 a
335 3905 434 3973 nobis
458 3927 558 3993 saepe
586 3907 855 3993 comprobatum.
884 3905 978 3972 Haec
1002 3903 1248 3971 demonstratio
1273 3925 1362 3970 com-

172 4014 437 4111 prehensionis
470 4013 575 4081 unius
610 4012 777 4078 veritatis
807 4011 842 4076 in
874 4010 946 4076 alia
980 4019 1034 4080 est
1068 4011 1151 4096 illa,
1178 4033 1264 4103 quae
1291 4011 1362 4081 dici

174 4130 283 4200 solet
307 4127 399 4190 racio
425 4124 627 4209 theologica.
647 4121 822 4188 Macarius
845 4125 892 4208 (p.
909 4121 1004 4205 418.)
1030 4132 1268 4189 commemorat
1285 4122 1363 4212 qui·

177 4240 270 4307 dem
295 4256 338 4300 ex
362 4231 512 4299 Henrico
534 4230 621 4298 Klee
639 4228 774 4318 aliquas
797 4230 950 4296 rationes
966 4228 1180 4318 theologicas
1197 4229 1362 4298 veritatis

182 4340 401 4431 catholicae,
417 4340 543 4430 quibus
564 4337 740 4405 universis
752 4359 824 4408 non
841 4336 946 4406 aliam
961 4337 1094 4426 reperit
1108 4336 1362 4428 responsionem
