3120 4988
688 374 726 388 -
748 341 807 404 259
828 374 866 388 -

191 472 366 535 sonarum,
394 449 485 543 quod
503 449 622 518 virtus
648 448 856 539 productrix
882 472 952 518 una
974 473 1117 519 numero
1141 451 1370 519 communica·
1479 539 1489 556 .

192 562 253 624 tur
276 559 320 624 ab
344 578 415 625 una
437 579 585 644 persona
608 579 650 622 eor
674 580 767 645 qao,
797 557 904 625 alteri
924 581 988 647 per
1012 582 1115 650 quom
1139 558 1273 627 dicitur
1296 581 1370 626 esse

190 666 387 756 productio.
406 665 525 732 -Unus
548 665 643 733 Deus
668 689 708 732 ex
734 690 800 756 qao
831 666 957 750 omnia,
985 674 1020 734 et
1044 691 1111 757 per
1135 656 1232 756 qoie'm
1255 667 1371 734 omnia

190 775 302 861 (Rom.
320 773 385 840 XI.
406 772 490 858 aa),
512 796 553 838 ea
570 774 678 840 Patre
700 796 821 863 nempe
845 775 961 840 omnia
980 798 1046 862 per
1061 774 1208 842 Filiam.
1234 775 1311 856 Quo
1328 797 1371 843 ex

191 883 289 950 modo
312 880 477 971 loquendi
500 880 630 948 Ariani
648 881 786 971 quidem
802 881 1002 950 inferebant
1026 882 1367 969 subordinationem,

191 995 226 1056 et
241 994 299 1076 (ut
314 989 459 1076 Langen
477 989 544 1073 ait)
570 1017 586 1052 o
603 987 911 1078 participationem
928 989 1083 1081 aliquam
1101 1018 1116 1053 n
1142 990 1231 1059 Filii
1246 991 1290 1059 ad
1306 992 1371 1059 Pa·

189 1102 290 1181 trem;
317 1103 440 1164 contra
455 1095 546 1164 hano
565 1118 646 1163 vero
671 1095 844 1164 haeresim
868 1097 994 1166 Patras
1019 1098 1226 1166 nominatim
1250 1099 1371 1188 graeci

191 1203 434 1287 Athanasius,
470 1204 665 1293 Gregorius
688 1205 961 1292 Nazianzenus,
995 1206 1175 1292 Basilius,
1210 1207 1371 1297 Cyrillus

193 1320 395 1383 constanter
417 1314 652 1382 defendebant
676 1314 801 1401 dogma
817 1314 857 1380 de
871 1316 1009 1381 onitate
1033 1339 1168 1399 corusce,
1195 1316 1370 1408 simulque

193 1425 234 1491 de
259 1444 299 1490 ea
330 1445 432 1514 quam
457 1423 630 1506 diximus,
665 1421 889 1487 dictinctione
915 1446 1145 1511 personarum
1175 1422 1252 1491 illis
1284 1424 1392 1513 ipsis

193 1530 382 1621 particulis
406 1552 616 1618 expressam.
643 1527 733 1596 Vide
751 1529 912 1597 Tractat.
932 1529 973 1596 de
990 1528 1090 1596 Trin.
1111 1529 1181 1599 Th.
1199 1530 1369 1600 XXXVI.

192 1641 237 1709 cf.
260 1640 327 1707 Th.
346 1639 449 1706 XIII.
477 1662 511 1706 n.
531 1638 580 1706 Π.
609 1637 707 1720 Quae
740 1660 816 1708 cum
853 1637 905 1704 ita
937 1638 1028 1722 sint,
1056 1639 1215 1727 profecto
1247 1643 1372 1708 Patres

193 1749 313 1838 graeci
344 1748 450 1816 etiam
474 1747 515 1815 do
539 1745 773 1819 relationibus
802 1746 954 1813 internis
987 1768 1212 1836 personarum
1244 1748 1281 1815 in
1307 1747 1372 1816 illa

195 1857 348 1927 formula
366 1879 407 1922 ea
424 1856 531 1923 Patre
548 1879 613 1945 per
629 1855 762 1922 Filiam
778 1876 865 1938 essa,
886 1853 1069 1943 effulgere,
1096 1854 1280 1943 procedere
1296 1855 1375 1946 Spi-

196 1967 305 2034 ritum
331 1963 511 2048 Sanctum,
530 1987 598 2031 non
613 1964 712 2031 aliud
736 1985 937 2051 expressum
954 1963 1156 2046 voluerunt,
1176 1985 1279 2054 quam
1295 1967 1373 2030 oni-

201 2089 305 2141 rotem
327 2074 501 2162 principii
524 2072 629 2141 simul
654 2094 730 2139 cum
753 2071 982 2139 distinctione
1006 2092 1254 2159 personarum,
1281 2072 1373 2159 quod

199 2184 317 2252 virtus
335 2182 504 2270 spiratrix
521 2189 557 2249 et
573 2182 722 2271 spiratio
745 2179 782 2246 in
799 2182 905 2249 Patre
926 2185 981 2248 ast
1002 2187 1043 2248 ut
1058 2179 1096 2248 in
1113 2182 1211 2249 fonte
1227 2183 1375 2271 primor-

196 2292 284 2361 diali
309 2288 613 2373 incommunicata,
640 2289 780 2356 aPatrc
805 2288 921 2355 cadem
947 2310 1091 2356 numero
1116 2290 1372 2357 communicata

200 2400 237 2468 in
260 2398 366 2467 Filio.
404 2397 477 2465 Hoc
500 2405 616 2464 autem
644 2395 757 2483 ipsum
790 2394 990 2463 continetur
1022 2395 1059 2462 in
1084 2396 1237 2463 formula
1260 2397 1373 2465 altera
1450 2409 1455 2418 '

205 2504 469 2594 «processionis
494 2526 514 2568 a
539 2503 647 2570 Patre
670 2517 702 2567 ec
725 2502 822 2569 Filio
832 2526 878 2583 ,·n
910 2503 1071 2592 quamvis
1099 2504 1136 2570 in
1164 2503 1229 2571 bac
1257 2505 1374 2571 unitas

200 2613 381 2703 principii,
408 2612 444 2679 in
461 2604 576 2678 altera
592 2632 675 2679 vero
692 2599 876 2678 distinctio
899 2617 935 2678 et
952 2611 1036 2678 ordo
1054 2628 1280 2698 personarum
1304 2633 1375 2678 rna·

199 2722 255 2811 gis
273 2722 404 2789 directe
429 2719 642 2802 declaretur,
668 2724 709 2784 ut
732 2717 769 2784 in
786 2718 904 2785 eadem
921 2718 1030 2786 Thasi
1045 2718 1215 2789 XXXVI.
1239 2721 1376 2788 demon·

199 2838 349 2898 stratum
375 2835 440 2896 est.

267 2937 357 3004 Sane
384 2935 422 3001 in
447 2934 596 3002 conficta
619 2933 830 3001 diversitate
858 2931 1013 3021 duplicis
1042 2930 1215 3000 formulae
1239 2955 1376 3002 errores

199 3045 240 3112 de
257 3043 426 3132 mysterio
443 3042 506 3109 SS.
523 3042 720 3109 Trinitatis
733 3041 969 3123 continentur,
990 3039 1049 3130 qui
1066 3063 1135 3107 non
1149 3046 1233 3108 sunt
1248 3064 1294 3108 ss.
1310 3042 1375 3109 Pa·

198 3160 306 3233 trum,
330 3151 388 3218 sed
406 3149 519 3238 ipsius
535 3148 722 3238 Langenii,
746 3148 908 3236 quoniam
926 3145 1188 3215 distinctionem
1205 3155 1241 3216 et
1257 3148 1373 3215 unita-

200 3269 269 3328 tem
286 3259 489 3327 divinarum
507 3269 735 3347 personarum
765 3280 831 3324 non
859 3256 1050 3323 intellexit.
1069 3258 1266 3326 Audiamus
1291 3257 1374 3324 Pro·

200 3368 345 3438 tesseris
369 3367 640 3435 declarationem
664 3367 706 3433 de
727 3365 791 3433 hoo
819 3364 1032 3432 discrimine.
1066 3367 1221 3434 «Patres
1253 3364 1374 3454 graeci

201 3477 348 3567 (inquit)
370 3476 542 3542 communi
567 3474 727 3541 doctrina
754 3475 979 3561 spirationem
995 3474 1240 3542 attribuebant
1256 3473 1374 3558 Patri,

201 3605 418 3673 nequaquam
438 3591 552 3648 autern
570 3580 670 3650 Patri
694 3590 729 3647 et
743 3579 850 3663 Filio,
872 3607 887 3642 n
915 3580 1019 3647 etiam
1037 3580 1092 3647 illi
1118 3577 1376 3672 qui'docebant,

204 3690 408 3776 «Spiritum
433 3714 454 3754 a
472 3690 579 3756 Patre
602 3712 663 3776 per
679 3690 811 3756 Filiam
832 3686 1024 3777 procedere,
1049 3688 1105 3756 vel
1124 3713 1192 3754 esse
1214 3713 1256 3755 ea
1274 3689 1380 3755 Patre

202 3815 234 3866 et
251 3799 361 3878 Filio,
387 3797 444 3865 vel
463 3799 614 3884 accipere
631 3821 652 3861 a
668 3797 778 3875 Filio,
803 3803 839 3862 at
857 3820 877 3860 o
895 3796 1003 3862 Patre
1022 3819 1090 3883 per·
1102 3796 1235 3863 Filium
1260 3797 1381 3861 bodera

201 3932 296 3974 soom
313 3907 492 3971 essentiam
506 3931 536 3970 n.
559 3902 625 3971 Sed
645 3934 660 3967 o
675 3905 718 3969 ab
735 3903 939 3990 Augustino
956 3904 994 3969 in
1011 3903 1190 3971 occidente
1212 3904 1380 3971 inductus

202 4023 256 4086 est
284 4014 482 4101 discrepans
505 4011 623 4077 modos
646 4009 823 4076 doctrinae
846 4009 922 4094 (der
947 4008 1191 4078 abweiohende
1215 4010 1382 4077 Lehrtro·

203 4126 296 4214 pus),
318 4121 488 4211 Spiritum
502 4119 669 4187 Sanctum
682 4140 756 4186 esse
769 4116 984 4206 personalem
998 4119 1268 4186 communionem
1286 4119 1380 4185 inter

203 4232 343 4299 Patrem
367 4237 402 4296 et
425 4227 572 4294 Filium.
598 4227 673 4294 Hoc
691 4227 727 4293 in
745 4225 842 4310 modo
867 4225 1087 4312 concipiendi
1110 4247 1171 4314 per
1187 4249 1225 4293 se
1248 4224 1380 4293 intelli·

203 4342 365 4428 gebatur,
385 4335 560 4424 Spiritum
577 4334 761 4422 procedere
778 4333 871 4400 siout
887 4332 1027 4398 aPatre
1044 4331 1098 4398 ita
1116 4335 1221 4401 etiam
1239 4332 1377 4400 aFilio.

203 4448 303 4517 Und'e
327 4443 603 4535 consequebatur
625 4444 775 4532 spiratio
796 4440 907 4508 ueluti
930 4439 1151 4524 bilaterolia,·
1175 4441 1295 4509 unItas
1318 4461 1380 4507 au·
